Date,type,price,quantity
20170816134018,buy-pending,10.21,1200
20170816134034,buy,10.22,4000
20170816135424,buy,10.24,1200
20170816135433,buy-pending,10.24,1200
20170816135501,buy,10.25,2600
20170816135545,buy,10.26,2600
20170816135741,buy,10.27,2600
20170816135746,buy,10.28,2600
20170816135753,buy,10.29,2600
20170816140133,buy-pending,10.21,1200
20170816140133,buy-pending,10.24,1200
20170816140407,buy-pending,10.29,2600
20170816140510,buy-pending,10.29,2600
20170816141012,buy,10.3,2500
20170816141113,buy-pending,10.3,2500
20170816141233,buy-pending,10.3,2500
20170816141603,buy-pending,10.3,2600
20170816141612,buy-pending,10.31,2600
20170816141618,buy,10.32,2600
20170816141814,buy-pending,10.33,2600
20170816141820,buy-pending,10.34,2600
20170816141826,buy,10.35,2600
20170816141831,buy-pending,10.35,2600
20170816141850,buy-pending,10.37,2600
20170816141856,buy-pending,10.38,2600
20170816141902,buy,10.39,2600
20170816141909,buy-pending,10.4,2600
20170816142031,buy-pending,10.3,2600
20170816142032,buy-pending,10.31,2600
20170816142032,buy-pending,10.33,2600
20170816142032,buy-pending,10.34,2600
20170816142032,buy-pending,10.35,2600
20170816142032,buy-pending,10.37,2600
20170816142032,buy-pending,10.38,2600
20170816142032,buy-pending,10.4,2600
20170816142724,buy,10.4,6700
20170816142806,buy,10.42,1900
20170816142815,buy,10.43,1900
20170816144421,buy-pending,10.39,1200
20170816144531,buy-pending,10.4,1200
20170816144540,buy,10.41,1200
20170816144631,buy,10.42,1200
20170816144639,buy,10.42,1200
20170816144922,buy,10.47,1200
20170816144950,buy,10.45,1200
20170816145040,buy,10.44,1200
20170816145049,buy,10.45,1200
20170816145123,buy-pending,10.43,1200
20170816145128,buy,10.44,1200
20170816145133,buy-pending,10.44,1200
20170816145145,buy,10.45,1200
20170816145152,buy-pending,10.44,1200
20170816145219,buy-pending,10.45,4600
20170816145226,buy-pending,10.45,4600
20170816145236,buy,10.5,4600
20170816145251,buy,10.58,1200
20170816145408,buy-pending,10.47,1200
20170816145414,buy,10.48,1200
20170816145430,buy,10.48,4600
20170816145433,buy,10.48,4600
20170816145557,buy,10.5,4600
20170816145601,buy,10.5,4600
20170816145607,buy,10.51,4600
20170816145611,buy,10.52,4600
20170816145616,buy,10.53,4600
20170816145625,buy-pending,10.53,4600
20170816145629,buy,10.54,4600
20170816145635,buy,10.59,4600
20170816145644,buy,10.57,4600
20170816145649,buy,10.59,4600
20170816145653,buy,10.59,4500
20170816145702,buy,10.6,4600
20170816145706,buy,10.6,4600
20170816145805,buy,10.58,4600
20170816145809,buy,10.58,4600
20170816145814,buy,10.6,4600
20170816145818,buy,10.6,4600
20170816145822,buy-pending,10.61,4500
20170816145826,buy,10.65,4500
20170816145833,buy,10.77,4500
20170816145843,buy,10.77,1900
20170816145849,buy,10.87,1800
20170816145857,buy,10.97,1800
20170817093252,sell,10.8,22900
20170817093338,buy-pending,10.61,4600
20170817093342,buy,10.62,4500
20170817093348,buy,10.64,4500
20170817093353,buy-pending,10.64,4500
20170817093357,buy-pending,10.64,4500
20170817093409,buy-pending,10.7,4500
20170817093420,buy,10.81,4400
20170817093425,buy,10.81,4400
20170817093426,buy,10.81,4400
20170817093434,buy,10.81,4400
20170817093441,buy,10.81,4300
20170817093511,buy-pending,10.78,43800
20170817093527,buy,10.79,6200
20170817093538,buy,10.79,4300
20170817093543,buy,10.8,4400
20170817093549,buy,10.8,4400
20170817093550,buy,10.8,4400
20170817093604,buy,10.84,43300
20170817093615,buy,10.93,6100
20170817093623,buy,10.96,6100
20170817093629,buy,10.96,6100
20170817093637,buy,10.96,6100
20170817093731,buy-pending,10.61,4600
20170817093731,buy-pending,10.62,4500
20170817093731,buy-pending,10.64,4500
20170817093731,buy-pending,10.64,4500
20170817093731,buy-pending,10.64,4500
20170817093732,buy-pending,10.7,4500
20170817093732,buy-pending,10.78,43800
20170817093732,buy-pending,10.84,43300
20170817093824,sell,10.78,2500
20170817093847,buy-pending,10.7,6400
20170817093854,buy-pending,10.71,6300
20170817093919,sell,10.75,2500
20170817094017,sell,10.78,2500
20170817094135,sell-pending,10.8,1200
20170817094221,sell,10.76,1200
20170817094224,sell,10.76,1200
20170817094240,buy-pending,10.7,6400
20170817094240,buy-pending,10.71,6300
20170817094305,sell,10.7,6300
20170817094306,sell,10.7,6300
20170817094357,sell,10.72,1200
20170817094426,sell-pending,10.78,33300
20170817094631,sell-pending,10.8,1200
20170817094632,sell-pending,10.78,33300
20170817094656,sell-pending,10.85,33900
20170817095429,sell,10.71,4300
20170817095636,sell,10.7,1200
20170817095924,sell,10.72,1800
20170817095931,sell-pending,10.73,1800
20170817100419,sell,10.68,1800
20170817100610,sell,10.68,3100
20170817100658,sell,10.65,3200
20170817100702,sell,10.65,3200
20170817100733,sell-pending,10.85,33900
20170817100733,sell-pending,10.73,1800
20170817100733,sell-pending,10.68,3100
20170817100733,sell-pending,10.65,3200
20170817100817,sell-pending,10.71,25900
20170817101206,sell,10.67,1900
20170817101438,sell-pending,10.71,25900
20170817102339,sell,10.65,1900
20170817102348,sell,10.63,1900
20170817102400,sell,10.62,4500
20170817103317,sell,10.6,7300
20170817103334,sell,10.58,7300
20170817104236,sell,10.63,1900
20170817131029,sell,10.65,1200
20170817131512,sell-pending,10.65,1200
20170817131512,sell-pending,10.65,1200
20170817131522,sell,10.63,1200
20170817131902,sell,10.6,10200
20170817132310,sell-pending,10.65,1200
20170817132310,sell-pending,10.65,1200
20170817132352,sell-pending,10.64,12600
20170817133242,sell-pending,10.64,12600
20170817134110,sell,10.67,1200
20170817134328,sell,10.7,6300
20170817134502,sell,10.64,1200
20170817142628,buy,10.62,500
20170817142650,buy,10.65,500
20170817142716,buy,10.66,500
20170817142748,buy,10.66,1500
20170817142756,buy,10.69,1500
20170817142804,buy,10.7,1500
20170817142837,buy,10.7,1100
20170817142917,buy,10.7,2300
20170817142923,buy,10.7,2300
20170817142941,buy,10.7,2300
20170817143450,buy,10.64,1700
20170817143534,buy,10.65,1700
20170817143544,buy-pending,10.65,1700
20170817143559,buy,10.68,1700
20170817143608,buy,10.7,1700
20170817143624,buy,10.74,500
20170817143634,buy,10.73,500
20170817143825,sell,10.7,1900
20170817144544,sell-pending,10.73,2000
20170817145314,sell-pending,10.73,2000
20170817145426,sell,10.68,2000
20170818093039,buy-pending,10.9,37400
20170818093049,buy-pending,10.91,2100
20170818093101,buy-pending,10.92,2100
20170818093121,sell,10.98,3900
20170818093147,sell,11.03,3900
20170818093205,sell,10.99,3900
20170818093218,sell,10.99,3900
20170818093314,sell,10.97,3900
20170818093326,sell,10.99,3900
20170818093340,sell,10.99,3900
20170818093356,sell,11.04,3900
20170818093421,sell,11.1,3900
20170818093438,sell,11.08,3900
20170818093445,sell,11.08,3900
20170818093449,sell,11.08,3900
20170818093455,sell,11.05,3900
20170818093503,sell,11.02,3900
20170818093508,sell,11,3900
20170818093510,sell,11,3800
20170818093606,sell-pending,11.03,3900
20170818093611,sell,11,3900
20170818093620,sell,10.98,4000
20170818093636,sell-pending,10.99,3900
20170818093654,sell,10.94,4000
20170818093658,buy-pending,10.7,47600
20170818093658,buy-pending,10.73,8700
20170818093658,buy-pending,10.74,2000
20170818093658,buy-pending,10.75,2000
20170818093659,buy-pending,10.9,37400
20170818093659,buy-pending,10.91,2100
20170818093659,buy-pending,10.92,2100
20170818093718,sell,10.9,4000
20170818093726,sell-pending,11.03,3900
20170818093726,sell-pending,10.99,3900
20170818093757,sell,10.9,2300
20170818093823,sell,10.9,2400
20170818093840,sell,10.9,5900
20170818093857,sell,10.9,3000
20170818094006,sell,10.9,3000
20170818094013,sell,10.88,3000
20170818094031,sell,10.85,3000
20170818094037,sell,10.83,3000
20170818094043,sell,10.8,3000
20170818094103,sell,10.83,3000
20170818094132,sell,10.8,3000
20170818094346,sell,10.8,7300
20170818094543,sell,10.83,1700
20170818094707,sell,10.85,1700
20170818094750,sell,10.85,2000
20170818094812,sell,10.87,900
20170818094831,sell,10.9,1076
20170821093013,sell,10.84,3000
20170821093122,sell,10.79,12700
20170821093126,sell,10.79,12700
20170821093653,sell,10.82,2000
20170821093747,sell,10.8,7400
20170821093848,sell,10.8,2000
20170821093848,sell-pending,10.8,2000
20170821093929,sell,10.7,8600
20170821093933,sell,10.7,8500
20170821093940,sell,10.68,8600
20170821094118,sell,10.7,2000
20170821094126,sell,10.7,2000
20170821094138,sell,10.71,2000
20170821094145,sell,10.71,2000
20170821094338,sell-pending,10.8,2000
20170821094501,sell,10.71,2900
20170821094510,sell,10.7,3100
20170821094557,sell-pending,10.7,3100
20170821095847,sell-pending,10.67,3100
20170821100026,sell,10.6,29800
20170821100100,sell-pending,10.67,3100
20170821100123,sell-pending,10.7,3100
20170821100212,sell,10.63,3100
20170821100219,sell,10.63,3100
20170816134018,buy-pending,10.21,400
20170816134034,buy,10.22,1200
20170816135424,buy,10.24,400
20170816135433,buy-pending,10.24,400
20170816135501,buy,10.25,800
20170816135545,buy,10.26,800
20170816135741,buy-pending,10.27,800
20170816135746,buy,10.28,800
20170816135753,buy,10.29,800
20170816140133,buy-pending,10.21,400
20170816140133,buy-pending,10.24,400
20170816140133,buy-pending,10.27,800
20170816140407,buy-pending,10.29,800
20170816140510,buy-pending,10.29,800
20170816141012,buy,10.3,800
20170816141113,buy-pending,10.3,800
20170816141233,buy-pending,10.3,800
20170816141603,buy-pending,10.3,800
20170816141612,buy-pending,10.31,800
20170816141618,buy,10.32,800
20170816141814,buy-pending,10.33,800
20170816141820,buy-pending,10.34,800
20170816141826,buy,10.35,800
20170816141831,buy-pending,10.35,800
20170816141850,buy-pending,10.37,800
20170816141856,buy-pending,10.38,800
20170816141902,buy,10.39,800
20170816141909,buy-pending,10.4,800
20170816142032,buy-pending,10.3,800
20170816142032,buy-pending,10.31,800
20170816142032,buy-pending,10.33,800
20170816142032,buy-pending,10.34,800
20170816142032,buy-pending,10.35,800
20170816142032,buy-pending,10.37,800
20170816142032,buy-pending,10.38,800
20170816142032,buy-pending,10.4,800
20170816142724,buy,10.4,2100
20170816142806,buy,10.42,600
20170816142815,buy,10.43,600
20170816144421,buy-pending,10.39,400
20170816144531,buy-pending,10.4,400
20170816144540,buy,10.41,400
20170816144631,buy,10.42,400
20170816144639,buy,10.42,400
20170816144922,buy,10.47,400
20170816144950,buy,10.45,400
20170816145040,buy,10.44,400
20170816145049,buy,10.45,400
20170816145123,buy-pending,10.43,400
20170816145128,buy,10.44,400
20170816145133,buy-pending,10.44,400
20170816145145,buy,10.45,400
20170816145152,buy-pending,10.44,400
20170816145219,buy-pending,10.45,1500
20170816145226,buy-pending,10.45,1500
20170816145236,buy,10.5,1500
20170816145251,buy,10.58,400
20170816145408,buy-pending,10.47,400
20170816145414,buy,10.48,400
20170816145430,buy,10.48,1500
20170816145433,buy,10.48,1500
20170816145557,buy,10.5,1400
20170816145601,buy,10.5,1400
20170816145607,buy,10.51,1400
20170816145611,buy,10.52,1400
20170816145616,buy,10.53,1400
20170816145625,buy-pending,10.53,1400
20170816145629,buy,10.54,1400
20170816145635,buy,10.59,1400
20170816145644,buy,10.57,1400
20170816145649,buy,10.59,1400
20170816145653,buy,10.59,1400
20170816145702,buy,10.6,1400
20170816145706,buy,10.6,1400
20170816145805,buy,10.58,1400
20170816145809,buy,10.58,1400
20170816145814,buy,10.6,1400
20170816145818,buy,10.6,1400
20170816145822,buy-pending,10.61,1400
20170816145826,buy,10.65,1400
20170816145833,buy,10.77,1400
20170816145843,buy,10.77,600
20170816145849,buy,10.87,600
20170816145857,buy,10.97,600
20170817093252,sell,10.8,7000
20170817093338,buy-pending,10.61,1400
20170817093342,buy-pending,10.62,1400
20170817093348,buy,10.64,1400
20170817093353,buy-pending,10.64,1400
20170817093357,buy-pending,10.64,1400
20170817093409,buy-pending,10.7,1400
20170817093420,buy,10.81,1400
20170817093425,buy,10.81,1400
20170817093426,buy,10.81,1400
20170817093434,buy,10.81,1400
20170817093441,buy,10.81,1400
20170817093511,buy-pending,10.78,13800
20170817093527,buy,10.79,1900
20170817093538,buy,10.79,1300
20170817093543,buy,10.8,1300
20170817093549,buy,10.8,1400
20170817093550,buy,10.8,1400
20170817093604,buy-pending,10.84,14100
20170817093615,buy,10.93,2000
20170817093623,buy,10.96,2000
20170817093629,buy,10.96,2000
20170817093637,buy,10.96,2000
20170817093731,buy-pending,10.61,1400
20170817093731,buy-pending,10.62,1400
20170817093731,buy-pending,10.64,1400
20170817093731,buy-pending,10.64,1400
20170817093731,buy-pending,10.7,1400
20170817093731,buy-pending,10.78,13800
20170817093731,buy-pending,10.84,14100
20170817093824,sell,10.78,700
20170817093847,buy-pending,10.7,2200
20170817093854,buy-pending,10.71,2200
20170817093919,sell,10.75,700
20170817094017,sell,10.78,700
20170817094135,sell-pending,10.8,300
20170817094221,sell,10.76,300
20170817094224,sell,10.76,300
20170817094240,buy-pending,10.7,2200
20170817094240,buy-pending,10.71,2200
20170817094304,sell,10.7,2000
20170817094306,sell,10.7,2000
20170817094357,sell,10.72,300
20170817094426,sell-pending,10.78,10400
20170817094631,sell-pending,10.8,300
20170817094632,sell-pending,10.78,10400
20170817094656,sell-pending,10.85,10600
20170817095429,sell,10.71,1300
20170817095636,sell,10.7,300
20170817095924,sell,10.72,500
20170817095931,sell-pending,10.73,500
20170817095957,sell-pending,10.85,10600
20170817100014,sell,10.72,18600
20170817100733,sell-pending,10.73,500
20170817100733,sell-pending,10.72,18600
20170817100817,sell-pending,10.71,4600
20170817101206,sell,10.67,300
20170817101438,sell-pending,10.71,4600
20170817101637,sell,10.67,9000
20170817142628,buy,10.62,100
20170817142650,buy,10.65,100
20170817142716,buy,10.66,100
20170817142748,buy,10.66,500
20170817142756,buy,10.69,500
20170817142804,buy,10.7,500
20170817142837,buy,10.7,400
20170817142917,buy,10.7,800
20170817142923,buy,10.7,800
20170817142941,buy,10.7,800
20170817143450,buy,10.64,600
20170817143534,buy,10.65,600
20170817143544,buy-pending,10.65,600
20170817143559,buy,10.68,600
20170817143608,buy,10.7,600
20170817143624,buy,10.74,100
20170817143634,buy,10.73,100
20170818093039,buy-pending,10.9,14700
20170818093049,buy-pending,10.91,800
20170818093101,buy-pending,10.92,800
20170818093121,sell,10.98,1000
20170818093147,sell,11.03,1000
20170818093205,sell,10.99,1000
20170818093218,sell,10.99,1000
20170818093314,sell,10.97,1000
20170818093326,sell,10.99,1000
20170818093340,sell,10.99,1000
20170818093356,sell,11.04,1000
20170818093421,sell,11.1,1000
20170818093438,sell,11.08,1000
20170818093445,sell,11.08,1000
20170818093449,sell,11.08,1000
20170818093455,sell,11.05,1000
20170818093503,sell,11.02,1000
20170818093508,sell,11,1000
20170818093510,sell,11,1000
20170818093606,sell-pending,11.03,1000
20170818093611,sell,11,1000
20170818093620,sell,10.98,1000
20170818093636,sell-pending,10.99,1000
20170818093654,sell,10.94,1000
20170818093658,buy-pending,10.7,20700
20170818093658,buy-pending,10.73,3800
20170818093658,buy-pending,10.74,800
20170818093658,buy-pending,10.75,800
20170818093658,buy-pending,10.9,14700
20170818093659,buy-pending,10.91,800
20170818093659,buy-pending,10.92,800
20170818093714,sell,10.9,1000
20170818093726,sell-pending,11.03,1000
20170818093726,sell-pending,10.99,1000
20170818093757,sell,10.9,600
20170818093823,sell,10.9,600
20170818093840,sell,10.9,1600
20170818093857,sell,10.9,800
20170818094006,sell,10.9,800
20170818094013,sell,10.88,800
20170818094031,sell,10.85,800
20170818094037,sell,10.83,800
20170818094043,sell,10.8,800
20170818094103,sell,10.83,800
20170818094132,sell,10.8,800
20170818094346,sell,10.8,2100
20170818094543,sell,10.83,400
20170818094707,sell,10.85,500
20170818094750,sell,10.85,600
20170818094812,sell,10.87,300
20170818094831,sell,10.9,300
20170821093013,sell,10.84,300
20170821093122,sell,10.79,1600
20170821093126,sell,10.79,1600
20170821093539,sell,10.8,11200
20170816134018,buy-pending,10.21,400
20170816134034,buy,10.22,1400
20170816135424,buy,10.24,400
20170816135433,buy-pending,10.24,400
20170816135501,buy,10.25,900
20170816135545,buy,10.26,900
20170816135741,buy-pending,10.27,900
20170816135746,buy,10.28,900
20170816135753,buy,10.29,900
20170816140133,buy-pending,10.21,400
20170816140133,buy-pending,10.24,400
20170816140133,buy-pending,10.27,900
20170816140407,buy-pending,10.29,900
20170816140510,buy-pending,10.29,900
20170816141012,buy,10.3,900
20170816141113,buy-pending,10.3,900
20170816141233,buy-pending,10.3,900
20170816141603,buy-pending,10.3,900
20170816141612,buy-pending,10.31,1000
20170816141618,buy,10.32,1000
20170816141814,buy-pending,10.33,1000
20170816141820,buy-pending,10.34,1000
20170816141826,buy,10.35,1000
20170816141831,buy-pending,10.35,1000
20170816141850,buy-pending,10.37,900
20170816141856,buy-pending,10.38,900
20170816141902,buy-pending,10.39,900
20170816141909,buy-pending,10.4,900
20170816142032,buy-pending,10.3,900
20170816142032,buy-pending,10.31,1000
20170816142032,buy-pending,10.33,1000
20170816142032,buy-pending,10.34,1000
20170816142032,buy-pending,10.35,1000
20170816142032,buy-pending,10.37,900
20170816142032,buy-pending,10.38,900
20170816142032,buy-pending,10.39,900
20170816142032,buy-pending,10.4,900
20170816142724,buy,10.4,2500
20170816142806,buy,10.42,700
20170816142815,buy,10.43,700
20170816144421,buy-pending,10.39,400
20170816144531,buy-pending,10.4,400
20170816144540,buy,10.41,400
20170816144631,buy,10.42,400
20170816144639,buy,10.42,400
20170816144922,buy,10.47,400
20170816144950,buy,10.45,400
20170816145040,buy,10.44,400
20170816145049,buy,10.45,400
20170816145123,buy-pending,10.43,400
20170816145128,buy,10.44,400
20170816145133,buy-pending,10.44,400
20170816145145,buy,10.45,400
20170816145152,buy-pending,10.44,400
20170816145219,buy-pending,10.45,1700
20170816145226,buy-pending,10.45,1700
20170816145236,buy,10.5,1700
20170816145251,buy,10.58,400
20170816145408,buy-pending,10.47,400
20170816145414,buy,10.48,400
20170816145430,buy,10.48,1700
20170816145434,buy,10.48,1700
20170816145557,buy,10.5,1700
20170816145602,buy,10.5,1700
20170816145607,buy,10.51,1700
20170816145611,buy,10.52,1700
20170816145616,buy,10.53,1700
20170816145625,buy-pending,10.53,1700
20170816145629,buy,10.54,1700
20170816145635,buy,10.59,1700
20170816145644,buy,10.57,1700
20170816145649,buy,10.59,1700
20170816145652,buy,10.59,1700
20170816145702,buy,10.6,1700
20170816145707,buy,10.6,1700
20170816145805,buy,10.58,1700
20170816145809,buy-pending,10.58,1700
20170816145814,buy,10.6,1700
20170816145818,buy-pending,10.6,1700
20170816145822,buy-pending,10.61,1700
20170816145826,buy,10.65,1700
20170816145833,buy,10.77,1700
20170816145843,buy,10.77,700
20170816145849,buy,10.87,700
20170816145857,buy,10.97,700
20170817093252,sell,10.8,7600
20170817093338,buy-pending,10.61,1800
20170817093342,buy-pending,10.62,1800
20170817093348,buy-pending,10.64,1800
20170817093353,buy-pending,10.64,1800
20170817093357,buy-pending,10.64,1800
20170817093409,buy-pending,10.7,1800
20170817093421,buy,10.81,1700
20170817093426,buy,10.81,1700
20170817093426,buy,10.81,1700
20170817093434,buy,10.81,1700
20170817093441,buy,10.81,1700
20170817093511,buy-pending,10.78,17500
20170817093527,buy,10.79,2500
20170817093538,buy,10.79,1700
20170817093543,buy,10.8,1700
20170817093549,buy,10.8,1700
20170817093551,buy,10.8,1700
20170817093605,buy-pending,10.84,17900
20170817093616,buy,10.93,2500
20170817093623,buy,10.96,2500
20170817093629,buy,10.96,2500
20170817093637,buy,10.96,2500
20170817093731,buy-pending,10.61,1800
20170817093731,buy-pending,10.62,1800
20170817093731,buy-pending,10.64,1800
20170817093731,buy-pending,10.64,1800
20170817093731,buy-pending,10.64,1800
20170817093731,buy-pending,10.7,1800
20170817093732,buy-pending,10.78,17500
20170817093732,buy-pending,10.84,17900
20170817093824,sell,10.78,800
20170817093847,buy-pending,10.7,2900
20170817093854,buy-pending,10.71,2900
20170817093919,sell,10.75,800
20170817094017,sell,10.78,800
20170817094135,sell-pending,10.8,400
20170817094221,sell,10.76,400
20170817094224,sell,10.76,400
20170817094240,buy-pending,10.7,2900
20170817094240,buy-pending,10.71,2900
20170817094304,sell,10.7,2100
20170817094306,sell,10.7,2100
20170817094357,sell,10.72,400
20170817094426,sell-pending,10.78,11100
20170817094632,sell-pending,10.95,1200
20170817094632,sell-pending,10.8,400
20170817094632,sell-pending,10.78,11100
20170817094656,sell-pending,10.85,11900
20170817095429,sell,10.71,1500
20170817095636,sell,10.7,400
20170817095924,sell,10.72,600
20170817095931,sell-pending,10.73,600
20170817100419,sell,10.68,600
20170817100610,sell-pending,10.68,1100
20170817100658,sell,10.65,1100
20170817100702,sell-pending,10.65,1100
20170817100733,sell-pending,10.85,11900
20170817100733,sell-pending,10.73,600
20170817100733,sell-pending,10.68,1100
20170817100733,sell-pending,10.65,1100
20170817100817,sell-pending,10.71,9800
20170817101206,sell-pending,10.67,700
20170817101438,sell-pending,10.71,9800
20170817101438,sell-pending,10.67,700
20170817102339,sell,10.65,700
20170817102348,sell,10.63,700
20170817102400,sell,10.62,1800
20170817103317,sell,10.6,2800
20170817103334,sell,10.58,2800
20170817104236,sell,10.63,700
20170817131029,sell,10.65,500
20170817131512,sell-pending,10.65,500
20170817131512,sell-pending,10.65,500
20170817131522,sell,10.63,400
20170817131902,sell,10.6,4100
20170817132310,sell-pending,10.65,500
20170817132310,sell-pending,10.65,500
20170817132352,sell-pending,10.64,5100
20170817133242,sell-pending,10.64,5100
20170817134110,sell,10.67,500
20170817134328,sell,10.7,2500
20170817134502,sell,10.64,500
20170817142628,buy,10.62,200
20170817142650,buy,10.65,200
20170817142716,buy,10.66,200
20170817142748,buy,10.66,600
20170817142756,buy,10.69,600
20170817142804,buy,10.7,600
20170817142837,buy,10.7,500
20170817142917,buy,10.7,1000
20170817142923,buy,10.7,1000
20170817142941,buy,10.7,1000
20170817143450,buy,10.64,800
20170817143534,buy,10.65,800
20170817143544,buy-pending,10.65,800
20170817143559,buy,10.68,800
20170817143608,buy,10.7,800
20170817143624,buy,10.74,200
20170817143634,buy,10.73,200
20170817143825,sell,10.7,800
20170817144544,sell-pending,10.73,800
20170817145314,sell-pending,10.73,800
20170817145426,sell,10.68,800
20170817145759,buy,10.69,2000
20170817145809,buy,10.7,2000
20170817145817,buy,10.7,2000
20170817145830,buy,10.71,1000
20170817145836,buy,10.71,1000
20170817145848,buy,10.74,400
20170817145855,buy,10.73,400
20170817145949,buy,10.73,400
20170817145956,buy,10.73,400
20170817150000,buy-pending,10.73,400
20170818093039,buy-pending,10.9,18000
20170818093049,buy-pending,10.91,1000
20170818093101,buy-pending,10.92,1000
20170818093121,sell,10.98,1400
20170818093147,sell,11.03,1400
20170818093205,sell,10.99,1400
20170818093218,sell,10.99,1400
20170818093314,sell,10.97,1400
20170818093326,sell,10.99,1400
20170818093340,sell,10.99,1400
20170818093356,sell,11.04,1400
20170818093421,sell,11.1,1400
20170818093438,sell,11.08,1400
20170818093445,sell,11.08,1400
20170818093449,sell,11.08,1400
20170818093456,sell,11.05,1400
20170818093503,sell,11.02,1400
20170818093508,sell,11,1400
20170818093510,sell,11,1400
20170818093606,sell-pending,11.03,1400
20170818093612,sell,11,1400
20170818093620,sell,10.98,1400
20170818093636,sell-pending,10.99,1400
20170818093654,sell,10.94,1400
20170818093658,buy-pending,10.7,25400
20170818093658,buy-pending,10.73,4600
20170818093658,buy-pending,10.74,1000
20170818093658,buy-pending,10.75,1000
20170818093658,buy-pending,10.9,18000
20170818093659,buy-pending,10.91,1000
20170818093659,buy-pending,10.92,1000
20170818093719,sell,10.9,1400
20170818093726,sell-pending,11.03,1400
20170818093726,sell-pending,10.99,1400
20170818093757,sell,10.9,800
20170818093823,sell,10.9,800
20170818093840,sell,10.9,2100
20170818093857,sell,10.9,1100
20170818094006,sell,10.9,1100
20170818094013,sell,10.88,1100
20170818094031,sell,10.85,1100
20170818094037,sell,10.83,1100
20170818094043,sell,10.8,1100
20170818094103,sell,10.83,1100
20170818094132,sell,10.8,1100
20170818094305,sell-pending,10.9,1100
20170818094346,sell,10.8,2800
20170818094543,sell,10.83,600
20170818094707,sell,10.85,600
20170818094750,sell,10.85,600
20170818094812,sell,10.87,500
20170818094831,sell,10.9,600
20170821093013,sell,10.84,500
20170821093122,sell,10.79,2300
20170821093126,sell,10.79,2300
20170821093653,sell,10.82,300
20170821093747,sell,10.8,1300
20170821093848,sell,10.8,300
20170821093848,sell-pending,10.8,300
20170821093929,sell,10.7,1600
20170821093933,sell,10.7,1600
20170821093940,sell,10.68,1600
20170821094118,sell,10.7,300
20170821094126,sell,10.7,300
20170821094138,sell,10.71,300
20170821094145,sell,10.71,300
20170821094343,sell-pending,10.8,300
20170821094501,sell,10.71,600
20170821094510,sell,10.7,500
20170821094557,sell-pending,10.7,600
20170821095847,sell-pending,10.67,600
20170821100026,sell,10.6,5800
20170821100049,sell-pending,10.7,600
20170821100116,sell-pending,10.67,600
20170821100212,sell,10.63,1200
20170817141114,buy,10.59,5000
20170817141236,buy,10.59,5000
20170817141842,buy-pending,10.6,5000
20170818093240,sell,10.95,10000
20170816134018,buy-pending,10.21,1700
20170816134034,buy,10.22,5400
20170816135424,buy,10.24,1700
20170816135433,buy-pending,10.24,1700
20170816135501,buy,10.25,3500
20170816135545,buy,10.26,3500
20170816135741,buy-pending,10.27,3500
20170816135746,buy,10.28,3500
20170816135753,buy,10.29,3500
20170816140133,buy-pending,10.21,1700
20170816140133,buy-pending,10.24,1700
20170816140133,buy-pending,10.27,3500
20170816140407,buy-pending,10.29,3500
20170816140510,buy-pending,10.29,3500
20170816141012,buy,10.3,3500
20170816141113,buy-pending,10.3,3500
20170816141233,buy-pending,10.3,3500
20170816141603,buy-pending,10.3,3500
20170816141612,buy-pending,10.31,3600
20170816141618,buy,10.32,3600
20170816141814,buy-pending,10.33,3600
20170816141820,buy-pending,10.34,3600
20170816141826,buy,10.35,3600
20170816141831,buy-pending,10.35,3600
20170816141850,buy-pending,10.37,3600
20170816141856,buy-pending,10.38,3600
20170816141902,buy,10.39,3600
20170816141909,buy-pending,10.4,3600
20170816142032,buy-pending,10.3,3500
20170816142032,buy-pending,10.31,3600
20170816142032,buy-pending,10.33,3600
20170816142032,buy-pending,10.34,3600
20170816142032,buy-pending,10.35,3600
20170816142032,buy-pending,10.37,3600
20170816142032,buy-pending,10.38,3600
20170816142032,buy-pending,10.4,3600
20170816142724,buy,10.4,9300
20170816142806,buy,10.42,2700
20170816142815,buy,10.43,2700
20170816144421,buy-pending,10.39,1700
20170816144531,buy-pending,10.4,1700
20170816144540,buy,10.41,1700
20170816144631,buy,10.42,1700
20170816144639,buy,10.42,1700
20170816144922,buy,10.47,1700
20170816144950,buy,10.45,1700
20170816145040,buy,10.44,1700
20170816145049,buy,10.45,1700
20170816145123,buy-pending,10.43,1700
20170816145128,buy,10.44,1700
20170816145133,buy,10.44,1700
20170816145145,buy,10.45,1700
20170816145152,buy-pending,10.44,1700
20170816145219,buy-pending,10.45,6400
20170816145226,buy-pending,10.45,6400
20170816145236,buy,10.5,6400
20170816145251,buy,10.58,1700
20170816145408,buy-pending,10.47,1700
20170816145414,buy,10.48,1700
20170816145430,buy,10.48,6400
20170816145433,buy,10.48,6400
20170816145557,buy,10.5,6400
20170816145601,buy,10.5,6400
20170816145607,buy,10.51,6300
20170816145611,buy,10.52,6400
20170816145616,buy,10.53,6300
20170816145625,buy-pending,10.53,6300
20170816145629,buy,10.54,6300
20170816145635,buy,10.59,6300
20170816145644,buy,10.57,6300
20170816145649,buy,10.59,6300
20170816145651,buy,10.59,6300
20170816145702,buy,10.6,6300
20170816145706,buy,10.6,6300
20170816145805,buy,10.58,6300
20170816145809,buy,10.58,6300
20170816145814,buy,10.6,6300
20170816145818,buy,10.6,6300
20170816145822,buy-pending,10.61,6300
20170816145826,buy,10.65,6300
20170816145833,buy,10.77,6200
20170816145843,buy,10.77,2600
20170816145849,buy,10.87,2600
20170816145857,buy,10.97,2500
20170817093252,sell,10.8,30700
20170817093338,buy-pending,10.61,6300
20170817093342,buy,10.62,6300
20170817093348,buy,10.64,6300
20170817093353,buy-pending,10.64,6300
20170817093357,buy-pending,10.64,6300
20170817093409,buy-pending,10.7,6200
20170817093420,buy,10.81,6100
20170817093425,buy,10.81,6100
20170817093426,buy,10.81,6100
20170817093434,buy,10.81,6100
20170817093441,buy,10.81,6200
20170817093511,buy-pending,10.78,62900
20170817093527,buy,10.79,8900
20170817093538,buy,10.79,6200
20170817093543,buy,10.8,6200
20170817093549,buy,10.8,6100
20170817093550,buy,10.8,6100
20170817093604,buy,10.84,59400
20170817093615,buy,10.93,8400
20170817093623,buy,10.96,8400
20170817093629,buy,10.96,8400
20170817093637,buy,10.96,8400
20170817093731,buy-pending,10.61,6300
20170817093731,buy-pending,10.64,6300
20170817093731,buy-pending,10.64,6300
20170817093731,buy-pending,10.7,6200
20170817093731,buy-pending,10.78,62900
20170817093824,sell,10.78,3300
20170817093847,buy-pending,10.7,8400
20170817093854,buy-pending,10.71,8400
20170817093919,sell,10.75,3300
20170817094017,sell,10.78,3300
20170817094135,sell-pending,10.8,1600
20170817094221,sell,10.76,1600
20170817094224,sell,10.76,1600
20170817094240,buy-pending,10.7,8400
20170817094240,buy-pending,10.71,8400
20170817094304,sell,10.7,8500
20170817094306,sell,10.7,8500
20170817094357,sell,10.72,1600
20170817094426,sell-pending,10.78,44800
20170817094631,sell-pending,10.8,1600
20170817094632,sell-pending,10.78,44800
20170817094656,sell-pending,10.85,45600
20170817095429,sell,10.71,5800
20170817095636,sell,10.7,1600
20170817095924,sell,10.72,2400
20170817095931,sell-pending,10.73,2400
20170817100419,sell,10.68,2500
20170817100610,sell,10.68,4200
20170817100658,sell,10.65,4200
20170817100702,sell,10.65,4200
20170817100733,sell-pending,10.85,45600
20170817100733,sell-pending,10.73,2400
20170817100817,sell-pending,10.71,33100
20170817101206,sell,10.67,2400
20170817101438,sell-pending,10.71,33100
20170817102339,sell,10.65,2400
20170817102348,sell,10.63,2400
20170817102400,sell,10.62,5800
20170817103317,sell,10.6,9300
20170817103334,sell,10.58,9300
20170817104236,sell,10.63,2400
20170817131029,sell,10.65,1600
20170817131512,sell-pending,10.65,1600
20170817131512,sell-pending,10.65,1600
20170817131522,sell,10.63,1500
20170817131902,sell,10.6,13000
20170817132310,sell-pending,10.65,1600
20170817132310,sell-pending,10.65,1600
20170817132352,sell-pending,10.64,16200
20170817133242,sell-pending,10.64,16200
20170817134110,sell,10.67,1600
20170817134328,sell,10.7,8100
20170817134502,sell,10.64,1600
20170817142628,buy,10.62,700
20170817142650,buy,10.65,700
20170817142716,buy,10.66,700
20170817142748,buy,10.66,2000
20170817142756,buy,10.69,2000
20170817142804,buy,10.7,2000
20170817142837,buy,10.7,1500
20170817142917,buy,10.7,3100
20170817142923,buy,10.7,3100
20170817142941,buy,10.7,3100
20170817143450,buy,10.64,2300
20170817143534,buy,10.65,2300
20170817143544,buy-pending,10.65,2300
20170817143559,buy,10.68,2300
20170817143608,buy,10.7,2300
20170817143624,buy,10.74,700
20170817143634,buy,10.73,700
20170817143825,sell,10.7,2400
20170817144544,sell-pending,10.73,2500
20170817145314,sell-pending,10.73,2500
20170817145426,sell,10.68,2500
20170818093039,buy-pending,10.9,57400
20170818093049,buy-pending,10.91,3200
20170818093101,buy-pending,10.92,3200
20170818093121,sell,10.98,5800
20170818093147,sell,11.03,5800
20170818093205,sell,10.99,5800
20170818093218,sell,10.99,5800
20170818093314,sell,10.97,5800
20170818093326,sell,10.99,5800
20170818093340,sell,10.99,5800
20170818093356,sell,11.04,5700
20170818093421,sell,11.1,5700
20170818093438,sell,11.08,5700
20170818093445,sell,11.08,5700
20170818093449,sell,11.08,5700
20170818093455,sell,11.05,5700
20170818093503,sell,11.02,5800
20170818093508,sell,11,5800
20170818093510,sell,11,6000
20170818093606,sell-pending,11.03,5700
20170818093611,sell,11,5700
20170818093620,sell,10.98,5800
20170818093636,sell-pending,10.99,5700
20170818093654,sell,10.94,5800
20170818093658,buy-pending,10.7,75200
20170818093658,buy-pending,10.73,13800
20170818093658,buy-pending,10.74,3200
20170818093658,buy-pending,10.75,3200
20170818093659,buy-pending,10.9,57400
20170818093659,buy-pending,10.91,3200
20170818093659,buy-pending,10.92,3200
20170818093719,sell,10.9,5800
20170818093726,sell-pending,11.03,5700
20170818093726,sell-pending,10.99,5700
20170818093757,sell,10.9,3400
20170818093823,sell,10.9,3400
20170818093840,sell,10.9,8500
20170818093857,sell,10.9,4300
20170818094006,sell,10.9,4300
20170818094013,sell,10.88,4300
20170818094031,sell,10.85,4300
20170818094037,sell,10.83,4400
20170818094043,sell,10.8,4400
20170818094103,sell,10.83,4300
20170818094132,sell,10.8,4300
20170818094346,sell,10.8,10800
20170818094543,sell,10.83,2500
20170818094707,sell,10.85,2500
20170818094750,sell,10.85,2900
20170818094812,sell,10.87,1400
20170818094831,sell,10.9,1500
20170821093013,sell,10.84,2200
20170821093122,sell,10.79,9400
20170821093126,sell,10.79,9400
20170821093653,sell,10.82,1500
20170821093747,sell,10.8,5400
20170821093848,sell,10.8,1500
20170821093848,sell-pending,10.8,1500
20170821093929,sell,10.7,6300
20170821093933,sell,10.7,6300
20170821093940,sell,10.68,6300
20170821094118,sell,10.7,1500
20170821094126,sell,10.7,1500
20170821094138,sell,10.71,1500
20170821094145,sell,10.71,1500
20170821094337,sell-pending,10.8,1500
20170821094501,sell,10.71,2100
20170821094510,sell,10.7,2200
20170821094557,sell,10.7,2200
20170821095847,sell-pending,10.67,2300
20170821100026,sell,10.6,22100
20170821100103,sell-pending,10.67,2300
20170821100219,sell,10.63,2300
20170816134018,buy-pending,10.21,900
20170816134034,buy,10.22,2900
20170816135424,buy,10.24,900
20170816135433,buy-pending,10.24,900
20170816135501,buy,10.25,1900
20170816135545,buy,10.26,1900
20170816135741,buy,10.27,1900
20170816135747,buy,10.28,1900
20170816135754,buy,10.29,1900
20170816140133,buy-pending,10.21,900
20170816140133,buy-pending,10.24,900
20170816140407,buy-pending,10.29,1900
20170816140510,buy-pending,10.29,1900
20170816141012,buy,10.3,1900
20170816141113,buy-pending,10.3,1900
20170816141233,buy-pending,10.3,1900
20170816141603,buy,10.3,1900
20170816141612,buy,10.31,2000
20170816141618,buy,10.32,2000
20170816141814,buy,10.33,2000
20170816141820,buy,10.34,2000
20170816141826,buy,10.35,2000
20170816141831,buy,10.35,2000
20170816141850,buy,10.37,2000
20170816141856,buy-pending,10.38,2000
20170816141902,buy,10.39,2000
20170816141909,buy-pending,10.4,2000
20170816142031,buy-pending,10.35,2000
20170816142032,buy-pending,10.38,2000
20170816142032,buy-pending,10.4,2000
20170816142724,buy,10.4,5000
20170816142806,buy,10.42,1400
20170816142815,buy,10.43,1400
20170816144421,buy-pending,10.39,900
20170816144531,buy-pending,10.4,900
20170816144540,buy,10.41,900
20170816144631,buy,10.42,900
20170816144639,buy,10.42,900
20170816144922,buy,10.47,900
20170816144950,buy,10.45,900
20170816145040,buy,10.44,900
20170816145049,buy,10.45,900
20170816145123,buy-pending,10.43,900
20170816145128,buy,10.44,900
20170816145133,buy,10.44,900
20170816145145,buy,10.45,900
20170816145152,buy-pending,10.44,900
20170816145219,buy,10.45,3400
20170816145225,buy-pending,10.45,3400
20170816145236,buy,10.5,3400
20170816145251,buy,10.58,900
20170816145408,buy-pending,10.47,900
20170816145414,buy,10.48,900
20170816145430,buy,10.48,3400
20170816145434,buy,10.48,3400
20170816145557,buy,10.5,3400
20170816145603,buy,10.5,3400
20170816145607,buy,10.51,3400
20170816145611,buy,10.52,3400
20170816145616,buy,10.53,3400
20170816145625,buy-pending,10.53,3400
20170816145629,buy,10.54,3400
20170816145635,buy,10.59,3400
20170816145644,buy,10.57,3400
20170816145649,buy,10.59,3400
20170816145652,buy,10.59,3400
20170816145702,buy,10.6,3400
20170816145707,buy,10.6,3400
20170816145805,buy,10.58,3400
20170816145810,buy-pending,10.58,3400
20170816145814,buy,10.6,3400
20170816145819,buy-pending,10.6,3400
20170816145822,buy,10.61,3400
20170816145826,buy,10.65,3400
20170816145833,buy,10.77,3400
20170816145843,buy,10.77,1400
20170816145849,buy,10.87,1400
20170816145857,buy,10.97,1400
20170817093252,sell,10.8,18800
20170817093338,buy-pending,10.61,3400
20170817093342,buy,10.62,3400
20170817093348,buy,10.64,3400
20170817093353,buy-pending,10.64,3400
20170817093357,buy-pending,10.64,3400
20170817093409,buy-pending,10.7,3400
20170817093420,buy,10.81,3400
20170817093425,buy,10.81,3400
20170817093426,buy,10.81,3400
20170817093434,buy,10.81,3400
20170817093441,buy,10.81,3500
20170817093511,buy-pending,10.78,35600
20170817093527,buy,10.79,5100
20170817093538,buy,10.79,3500
20170817093543,buy,10.8,3500
20170817093549,buy,10.8,3500
20170817093552,buy,10.8,3500
20170817093604,buy,10.84,34100
20170817093615,buy,10.93,4800
20170817093623,buy,10.96,4800
20170817093629,buy,10.96,4800
20170817093637,buy,10.96,4800
20170817093731,buy-pending,10.61,3400
20170817093731,buy-pending,10.64,3400
20170817093731,buy-pending,10.64,3400
20170817093731,buy-pending,10.7,3400
20170817093731,buy-pending,10.78,35600
20170817093824,sell,10.78,2000
20170817093847,buy-pending,10.7,4800
20170817093854,buy-pending,10.71,4800
20170817093919,sell,10.75,2000
20170817094017,sell,10.78,2000
20170817094135,sell-pending,10.8,1000
20170817094221,sell,10.76,1000
20170817094224,sell,10.76,1000
20170817094240,buy-pending,10.7,4800
20170817094240,buy-pending,10.71,4800
20170817094305,sell,10.7,5200
20170817094306,sell,10.7,5200
20170817094357,sell,10.72,1000
20170817094426,sell-pending,10.78,27500
20170817094632,sell-pending,10.8,1000
20170817094632,sell-pending,10.78,27500
20170817094656,sell-pending,10.85,28000
20170817095429,sell,10.71,3600
20170817095636,sell,10.7,900
20170817095924,sell,10.72,1500
20170817095931,sell,10.73,1500
20170817100418,sell,10.68,1500
20170817100610,sell,10.68,2600
20170817100658,sell,10.65,2600
20170817100702,sell,10.65,2600
20170817100732,sell-pending,10.85,28000
20170817100733,sell-pending,10.73,1500
20170817100817,sell-pending,10.71,19600
20170817101206,sell,10.67,1400
20170817101438,sell-pending,10.71,19600
20170817102339,sell,10.65,1400
20170817102348,sell,10.63,1400
20170817102400,sell,10.62,3400
20170817103317,sell,10.6,5500
20170817103334,sell,10.58,5500
20170817104236,sell,10.63,1400
20170817131029,sell,10.65,900
20170817131512,sell-pending,10.65,900
20170817131512,sell-pending,10.65,900
20170817131522,sell,10.63,900
20170817131902,sell,10.6,7800
20170817132310,sell-pending,10.65,900
20170817132310,sell-pending,10.65,900
20170817132352,sell-pending,10.64,9756
20170817133242,sell-pending,10.64,9756
20170817134110,sell,10.67,900
20170817134328,sell,10.7,4900
20170817134502,sell,10.64,900
20170817142628,buy,10.62,400
20170817142650,buy,10.65,400
20170817142716,buy,10.66,400
20170817142747,buy,10.66,1300
20170817142756,buy,10.69,1300
20170817142804,buy,10.7,1300
20170817142837,buy,10.7,1000
20170817142917,buy,10.7,2000
20170817142923,buy,10.7,2000
20170817142941,buy,10.7,2000
20170817143450,buy,10.64,1500
20170817143534,buy,10.65,1500
20170817143544,buy,10.65,1500
20170817143559,buy,10.68,1500
20170817143608,buy,10.7,1500
20170817143624,buy,10.74,400
20170817143634,buy,10.73,400
20170817143825,sell,10.7,1500
20170817144544,sell-pending,10.73,1556
20170817145314,sell-pending,10.73,1556
20170817145426,sell,10.68,1556
20170817145759,buy,10.69,3900
20170817145809,buy,10.7,3900
20170817145816,buy,10.7,3900
20170817145830,buy,10.71,1900
20170817145836,buy,10.71,1900
20170817145848,buy,10.74,900
20170817145855,buy,10.73,900
20170817145949,buy,10.73,900
20170817145956,buy,10.73,900
20170817150000,buy-pending,10.73,900
20170818093039,buy-pending,10.9,34800
20170818093049,buy,10.91,1900
20170818093101,buy-pending,10.92,1900
20170818093121,sell,10.98,3800
20170818093147,sell,11.03,3800
20170818093205,sell,10.99,3800
20170818093218,sell,10.99,3800
20170818093314,sell,10.97,3800
20170818093326,sell,10.99,3800
20170818093340,sell,10.99,3800
20170818093356,sell,11.04,3800
20170818093421,sell,11.1,3700
20170818093438,sell,11.08,3700
20170818093445,sell,11.08,3700
20170818093449,sell,11.08,3800
20170818093455,sell,11.05,3800
20170818093502,sell,11.02,3800
20170818093508,sell,11,3800
20170818093510,sell,11,3700
20170818093606,sell,11.03,3800
20170818093611,sell,11,3800
20170818093620,sell,10.98,3800
20170818093636,sell-pending,10.99,3800
20170818093654,sell,10.94,3800
20170818093658,buy-pending,10.7,45600
20170818093658,buy-pending,10.73,8300
20170818093658,buy-pending,10.74,1900
20170818093658,buy-pending,10.75,1900
20170818093659,buy-pending,10.9,34800
20170818093659,buy-pending,10.91,1900
20170818093659,buy-pending,10.92,1900
20170818093718,sell,10.9,3800
20170818093726,sell-pending,10.99,3800
20170818093757,sell,10.9,1900
20170818093823,sell,10.9,2100
20170818093840,sell,10.9,5200
20170818093857,sell,10.9,2600
20170818094006,sell,10.9,2600
20170818094013,sell,10.88,2600
20170818094031,sell,10.85,2600
20170818094037,sell,10.83,2600
20170818094043,sell,10.8,2700
20170818094103,sell,10.83,2700
20170818094132,sell,10.8,2700
20170818094346,sell,10.8,6600
20170818094543,sell,10.83,1500
20170818094707,sell,10.85,1500
20170818094750,sell,10.85,1300
20170818094812,sell,10.87,1100
20170818094831,sell,10.9,1200
20170821093013,sell,10.84,1500
20170821093122,sell,10.79,6300
20170821093126,sell,10.79,6300
20170821093653,sell,10.82,1000
20170821093747,sell,10.8,3600
20170821093848,sell,10.8,1000
20170821093848,sell-pending,10.8,1000
20170821093929,sell,10.7,4200
20170821093933,sell,10.7,4200
20170821093940,sell,10.68,4200
20170821094118,sell,10.7,1000
20170821094126,sell,10.7,1000
20170821094138,sell,10.71,1000
20170821094145,sell,10.71,1000
20170821094351,sell-pending,10.8,1000
20170821094500,sell,10.71,1500
20170821094510,sell,10.7,1500
20170821094557,sell,10.7,1500
20170821095847,sell,10.67,1500
20170821100026,sell,10.6,14800
20170816134018,buy-pending,10.21,800
20170816134034,buy,10.22,2500
20170816135424,buy,10.24,800
20170816135433,buy-pending,10.24,800
20170816135501,buy,10.25,1600
20170816135545,buy,10.26,1600
20170816135741,buy,10.27,1600
20170816135746,buy,10.28,1600
20170816135753,buy,10.29,1600
20170816140133,buy-pending,10.21,800
20170816140133,buy-pending,10.24,800
20170816140407,buy-pending,10.29,1600
20170816140510,buy-pending,10.29,1600
20170816141012,buy,10.3,1600
20170816141113,buy-pending,10.3,1600
20170816141233,buy-pending,10.3,1600
20170816141603,buy,10.3,1600
20170816141612,buy,10.31,1600
20170816141618,buy,10.32,1600
20170816141814,buy,10.33,1600
20170816141820,buy,10.34,1600
20170816141826,buy,10.35,1600
20170816141831,buy,10.35,1600
20170816141850,buy,10.37,1600
20170816141856,buy-pending,10.38,1600
20170816141902,buy,10.39,1600
20170816141909,buy-pending,10.4,1600
20170816142031,buy-pending,10.38,1600
20170816142032,buy-pending,10.4,1600
20170816142724,buy,10.4,4200
20170816142806,buy,10.42,1200
20170816142815,buy,10.43,1200
20170816144421,buy-pending,10.39,800
20170816144531,buy-pending,10.4,800
20170816144540,buy,10.41,800
20170816144631,buy,10.42,800
20170816144639,buy,10.42,800
20170816144922,buy,10.47,800
20170816144950,buy,10.45,800
20170816145040,buy,10.44,800
20170816145049,buy,10.45,800
20170816145123,buy-pending,10.43,800
20170816145128,buy,10.44,800
20170816145133,buy,10.44,800
20170816145145,buy,10.45,800
20170816145152,buy-pending,10.44,800
20170816145219,buy,10.45,2900
20170816145225,buy-pending,10.45,2900
20170816145236,buy,10.5,2900
20170816145251,buy,10.58,700
20170816145408,buy-pending,10.47,800
20170816145414,buy,10.48,800
20170816145430,buy,10.48,2900
20170816145434,buy,10.48,2900
20170816145557,buy,10.5,2900
20170816145602,buy,10.5,2900
20170816145607,buy,10.51,2900
20170816145611,buy,10.52,2900
20170816145616,buy,10.53,2800
20170816145625,buy-pending,10.53,2900
20170816145629,buy,10.54,2800
20170816145635,buy,10.59,2800
20170816145644,buy,10.57,2800
20170816145649,buy,10.59,2800
20170816145652,buy,10.59,2800
20170816145702,buy,10.6,2800
20170816145707,buy,10.6,2800
20170816145805,buy,10.58,2800
20170816145810,buy-pending,10.58,2800
20170816145814,buy,10.6,2800
20170816145819,buy-pending,10.6,2800
20170816145822,buy,10.61,2800
20170816145826,buy,10.65,2800
20170816145833,buy,10.77,2800
20170816145843,buy,10.77,1100
20170816145849,buy,10.87,1100
20170816145857,buy,10.97,1100
20170817093252,sell,10.8,15800
20170817093338,buy-pending,10.61,2800
20170817093342,buy,10.62,2800
20170817093348,buy,10.64,2800
20170817093353,buy-pending,10.64,2800
20170817093357,buy-pending,10.64,2800
20170817093409,buy-pending,10.7,2800
20170817093420,buy,10.81,2800
20170817093425,buy,10.81,2800
20170817093426,buy,10.81,2800
20170817093434,buy,10.81,2900
20170817093441,buy,10.81,3000
20170817093511,buy-pending,10.78,30000
20170817093527,buy,10.79,4300
20170817093538,buy,10.79,3000
20170817093543,buy,10.8,3000
20170817093549,buy,10.8,2900
20170817093551,buy,10.8,2900
20170817093604,buy,10.84,28900
20170817093615,buy,10.93,4100
20170817093623,buy,10.96,4100
20170817093629,buy,10.96,4100
20170817093637,buy,10.96,4100
20170817093731,buy-pending,10.61,2800
20170817093731,buy-pending,10.64,2800
20170817093731,buy-pending,10.64,2800
20170817093731,buy-pending,10.7,2800
20170817093731,buy-pending,10.78,30000
20170817093824,sell,10.78,1700
20170817093847,buy-pending,10.7,4000
20170817093854,buy-pending,10.71,4000
20170817093919,sell,10.75,1700
20170817094017,sell,10.78,1700
20170817094135,sell-pending,10.8,800
20170817094221,sell,10.76,800
20170817094224,sell,10.76,800
20170817094240,buy-pending,10.7,4000
20170817094240,buy-pending,10.71,4000
20170817094305,sell,10.7,4400
20170817094306,sell,10.7,4400
20170817094357,sell,10.72,800
20170817094426,sell-pending,10.78,23100
20170817094632,sell-pending,10.8,800
20170817094632,sell-pending,10.78,23100
20170817094656,sell-pending,10.85,23500
20170817095429,sell,10.71,3000
20170817095636,sell,10.7,800
20170817095924,sell,10.72,1200
20170817095931,sell,10.73,1200
20170817100418,sell,10.68,1300
20170817100610,sell,10.68,2200
20170817100658,sell,10.65,2200
20170817100702,sell,10.65,2200
20170817100732,sell-pending,10.85,23500
20170817100817,sell-pending,10.71,16400
20170817101206,sell,10.67,1200
20170817101438,sell-pending,10.71,16400
20170817102339,sell,10.65,1200
20170817102348,sell,10.63,1200
20170817102400,sell,10.62,2900
20170817103317,sell,10.6,4600
20170817103334,sell,10.58,4600
20170817104236,sell,10.63,1200
20170817131029,sell,10.65,700
20170817131512,sell-pending,10.65,700
20170817131512,sell-pending,10.65,700
20170817131522,sell,10.63,800
20170817131902,sell,10.6,6500
20170817132310,sell-pending,10.65,700
20170817132310,sell-pending,10.65,700
20170817132352,sell-pending,10.64,8000
20170817133242,sell-pending,10.64,8000
20170817134110,sell,10.67,800
20170817134328,sell,10.7,4000
20170817134502,sell,10.64,800
20170817142628,buy,10.62,400
20170817142650,buy,10.65,400
20170817142716,buy,10.66,400
20170817142747,buy,10.66,1100
20170817142756,buy,10.69,1100
20170817142804,buy,10.7,1100
20170817142837,buy,10.7,800
20170817142917,buy,10.7,1700
20170817142923,buy,10.7,1700
20170817142941,buy,10.7,1700
20170817143450,buy,10.64,1300
20170817143534,buy,10.65,1300
20170817143544,buy,10.65,1300
20170817143559,buy,10.68,1300
20170817143608,buy,10.7,1300
20170817143624,buy,10.74,400
20170817143634,buy,10.73,400
20170817143825,sell,10.7,1200
20170817144544,sell-pending,10.73,1200
20170817145314,sell-pending,10.73,1200
20170817145426,sell,10.68,1200
20170817145759,buy,10.69,3300
20170817145809,buy,10.7,3300
20170817145816,buy,10.7,3300
20170817145830,buy,10.71,1600
20170817145836,buy,10.71,1600
20170817145848,buy,10.74,700
20170817145855,buy,10.73,700
20170817145949,buy,10.73,700
20170817145956,buy,10.73,700
20170817150000,buy-pending,10.73,700
20170818093039,buy,10.9,29500
20170818093049,buy,10.91,1600
20170818093101,buy-pending,10.92,1600
20170818093121,sell,10.98,3200
20170818093147,sell,11.03,3200
20170818093205,sell,10.99,3200
20170818093218,sell,10.99,3200
20170818093314,sell,10.97,3200
20170818093326,sell,10.99,3200
20170818093340,sell,10.99,3200
20170818093356,sell,11.04,3200
20170818093421,sell,11.1,3200
20170818093438,sell,11.08,3200
20170818093445,sell,11.08,3200
20170818093449,sell,11.08,3200
20170818093455,sell,11.05,3200
20170818093502,sell,11.02,3200
20170818093508,sell,11,3200
20170818093510,sell,11,3100
20170818093606,sell,11.03,3200
20170818093611,sell,11,3200
20170818093620,sell,10.98,3200
20170818093636,sell-pending,10.99,3200
20170818093654,sell,10.94,3200
20170818093658,buy-pending,10.7,38600
20170818093658,buy-pending,10.73,7100
20170818093658,buy-pending,10.74,1600
20170818093658,buy-pending,10.75,1600
20170818093658,buy-pending,10.9,29500
20170818093658,buy-pending,10.92,1600
20170818093718,sell,10.9,3200
20170818093726,sell-pending,10.99,3200
20170818093757,sell,10.9,1600
20170818093823,sell,10.9,1700
20170818093840,sell,10.9,4400
20170818093857,sell,10.9,2200
20170818094006,sell,10.9,2200
20170818094013,sell,10.88,2200
20170818094031,sell,10.85,2200
20170818094037,sell,10.83,2200
20170818094043,sell,10.8,2200
20170818094103,sell,10.83,2200
20170818094132,sell,10.8,2300
20170818094346,sell,10.8,5600
20170818094543,sell,10.83,1300
20170818094707,sell,10.85,1300
20170818094750,sell,10.85,1100
20170818094812,sell,10.87,1000
20170818094831,sell,10.9,1000
20170821093013,sell,10.84,1700
20170821093122,sell,10.79,7400
20170821093126,sell,10.79,7400
20170821093653,sell,10.82,1100
20170821093747,sell,10.8,4300
20170821093848,sell,10.8,1100
20170821093848,sell-pending,10.8,1100
20170821093929,sell,10.7,5000
20170821093933,sell,10.7,5000
20170821093940,sell,10.68,5000
20170821094118,sell,10.7,1200
20170821094126,sell,10.7,1200
20170821094138,sell,10.71,1200
20170821094145,sell,10.71,1200
20170821094357,sell-pending,10.8,1100
20170821094500,sell,10.71,1800
20170821094510,sell,10.7,1800
20170821094557,sell,10.7,1700
20170821095847,sell,10.67,1800
20170821100026,sell,10.6,17301
20170816140207,buy,10.29,500
20170816140247,buy-pending,10.27,1000
20170816140320,buy,10.28,500
20170816140723,buy-pending,10.27,1000
20170816141155,buy,10.31,1000
20170816141622,buy-pending,10.3,1500
20170816141817,buy-pending,10.32,2000
20170816141832,buy-pending,10.35,1500
20170816142116,buy,10.41,2000
20170816142131,buy,10.4,2000
20170816142146,buy,10.38,2000
20170816142159,buy,10.41,2000
20170816142255,buy,10.39,3000
20170816142338,buy,10.4,1500
20170816142423,buy,10.39,1500
20170816142436,buy,10.4,1500
20170816142552,buy,10.39,1500
20170816142943,buy,10.41,2000
20170816142958,buy-pending,10.3,1500
20170816143002,buy-pending,10.32,2000
20170816143004,buy-pending,10.35,1500
20170816143024,buy,10.4,3000
20170816143115,buy,10.41,2000
20170816143202,buy,10.41,2000
20170816143339,buy,10.4,1500
20170816143358,buy,10.38,1300
20170816143522,buy,10.37,1500
20170816143620,buy-pending,10.37,1500
20170816143646,buy,10.39,1000
20170816143658,buy-pending,10.37,1500
20170816143731,buy,10.39,1000
20170816143830,buy,10.37,1500
20170817093451,sell,10.79,30000
20170817101249,buy,10.61,5000
20170817143422,buy,10.63,3000
20170817143737,buy,10.69,3000
20170817143751,buy,10.68,2000
20170817143834,buy,10.7,2000
20170817144022,buy,10.68,2000
20170817131940,buy-pending,10.57,2000
20170817134529,buy,10.61,2000
20170817135833,buy,10.63,1700
20170817140625,buy,10.59,2500
20170817143311,buy,10.63,1800
20170817145205,buy,10.69,1700
20170817145236,buy,10.69,1200
20170817145255,buy-pending,10.57,2000
20170817145315,buy,10.69,2000
20170816134018,buy-pending,10.21,800
20170816134034,buy,10.22,2500
20170816135424,buy,10.24,800
20170816135433,buy-pending,10.24,800
20170816135501,buy,10.25,1600
20170816135545,buy,10.26,1600
20170816135741,buy,10.27,1600
20170816135746,buy,10.28,1600
20170816135754,buy,10.29,1600
20170816140133,buy-pending,10.21,800
20170816140133,buy-pending,10.24,800
20170816140133,buy-pending,10.27,1600
20170816140407,buy-pending,10.29,1600
20170816140510,buy-pending,10.29,1600
20170816141012,buy,10.3,1600
20170816141113,buy-pending,10.3,1600
20170816141233,buy-pending,10.3,1600
20170816141603,buy-pending,10.3,1600
20170816141612,buy-pending,10.31,1700
20170816141618,buy,10.32,1700
20170816141814,buy-pending,10.33,1700
20170816141820,buy-pending,10.34,1700
20170816141826,buy,10.35,1700
20170816141831,buy-pending,10.35,1700
20170816141850,buy,10.37,1700
20170816141856,buy-pending,10.38,1700
20170816141902,buy,10.39,1700
20170816141909,buy-pending,10.4,1600
20170816142032,buy-pending,10.3,1600
20170816142032,buy-pending,10.31,1700
20170816142032,buy-pending,10.33,1700
20170816142032,buy-pending,10.34,1700
20170816142032,buy-pending,10.35,1700
20170816142032,buy-pending,10.37,1700
20170816142032,buy-pending,10.38,1700
20170816142032,buy-pending,10.4,1600
20170816142724,buy,10.4,4300
20170816142806,buy,10.42,1200
20170816142815,buy,10.43,1200
20170816144421,buy-pending,10.39,800
20170816144531,buy-pending,10.4,800
20170816144540,buy,10.41,800
20170816144631,buy,10.42,800
20170816144639,buy,10.42,800
20170816144922,buy,10.47,800
20170816144950,buy,10.45,800
20170816145040,buy,10.44,800
20170816145049,buy,10.45,800
20170816145123,buy-pending,10.43,800
20170816145128,buy,10.44,800
20170816145133,buy-pending,10.44,800
20170816145145,buy,10.45,800
20170816145152,buy-pending,10.44,800
20170816145219,buy-pending,10.45,3000
20170816145226,buy-pending,10.45,3000
20170816145236,buy,10.5,3000
20170816145251,buy,10.58,800
20170816145408,buy-pending,10.47,800
20170816145414,buy,10.48,800
20170816145430,buy,10.48,3000
20170816145434,buy,10.48,3000
20170816145557,buy,10.5,3000
20170816145603,buy,10.5,3000
20170816145607,buy,10.51,3000
20170816145611,buy,10.52,2900
20170816145616,buy,10.53,2900
20170816145625,buy-pending,10.53,2900
20170816145629,buy,10.54,2900
20170816145635,buy,10.59,2900
20170816145644,buy,10.57,2900
20170816145649,buy,10.59,2900
20170816145652,buy,10.59,2900
20170816145702,buy,10.6,2900
20170816145707,buy,10.6,2900
20170816145805,buy,10.58,2900
20170816145810,buy-pending,10.58,2900
20170816145814,buy,10.6,2900
20170816145818,buy-pending,10.6,2900
20170816145822,buy-pending,10.61,2900
20170816145826,buy,10.65,2900
20170816145833,buy,10.77,2900
20170816145843,buy,10.77,1200
20170816145849,buy,10.87,1200
20170816145857,buy,10.97,1200
20170817093252,sell,10.8,13700
20170817093338,buy-pending,10.61,3000
20170817093342,buy,10.62,3000
20170817093348,buy,10.64,3000
20170817093353,buy-pending,10.64,3000
20170817093357,buy-pending,10.64,3000
20170817093409,buy-pending,10.7,3000
20170817093421,buy,10.81,2900
20170817093425,buy,10.81,2900
20170817093426,buy,10.81,2900
20170817093434,buy,10.81,3000
20170817093441,buy,10.81,2900
20170817093511,buy-pending,10.78,31000
20170817093527,buy,10.79,4400
20170817093538,buy,10.79,3100
20170817093543,buy,10.8,3100
20170817093549,buy,10.8,3000
20170817093551,buy,10.8,3000
20170817093604,buy,10.84,29700
20170817093615,buy,10.93,4200
20170817093623,buy,10.96,4200
20170817093629,buy,10.96,4200
20170817093637,buy,10.96,4200
20170817093731,buy-pending,10.61,3000
20170817093731,buy-pending,10.64,3000
20170817093731,buy-pending,10.64,3000
20170817093731,buy-pending,10.7,3000
20170817093731,buy-pending,10.78,31000
20170817093824,sell,10.78,1500
20170817093847,buy-pending,10.7,4200
20170817093854,buy-pending,10.71,4100
20170817093919,sell,10.75,1500
20170817094017,sell,10.78,1500
20170817094135,sell-pending,10.8,700
20170817094221,sell,10.76,700
20170817094224,sell,10.76,700
20170817094240,buy-pending,10.7,4200
20170817094240,buy-pending,10.71,4100
20170817094305,sell,10.7,3800
20170817094306,sell,10.7,3800
20170817094357,sell,10.72,700
20170817094426,sell-pending,10.78,20100
20170817094632,sell-pending,10.8,700
20170817094632,sell-pending,10.78,20100
20170817094656,sell-pending,10.85,20500
20170817095429,sell,10.71,2600
20170817095636,sell,10.7,700
20170817095924,sell,10.72,1100
20170817095931,sell-pending,10.73,1100
20170817100419,sell,10.68,1100
20170817100610,sell,10.68,1900
20170817100658,sell,10.65,1900
20170817100702,sell,10.65,1900
20170817100733,sell-pending,10.85,20500
20170817100733,sell-pending,10.73,1100
20170817100817,sell-pending,10.71,14900
20170817101206,sell,10.67,1100
20170817101438,sell-pending,10.71,14900
20170817102339,sell,10.65,1100
20170817102348,sell,10.63,1100
20170817102400,sell,10.62,2600
20170817103317,sell,10.6,4100
20170817103334,sell,10.58,4200
20170817104236,sell,10.63,1100
20170817131029,sell,10.65,700
20170817131512,sell-pending,10.65,700
20170817131512,sell-pending,10.65,700
20170817131522,sell,10.63,700
20170817131902,sell,10.6,5800
20170817132310,sell-pending,10.65,700
20170817132310,sell-pending,10.65,700
20170817132352,sell-pending,10.64,7300
20170817133242,sell-pending,10.64,7300
20170817134110,sell,10.67,700
20170817134328,sell,10.7,3600
20170817134502,sell,10.64,700
20170817142628,buy,10.62,300
20170817142650,buy,10.65,300
20170817142716,buy,10.66,300
20170817142748,buy,10.66,1000
20170817142756,buy,10.69,1000
20170817142804,buy,10.7,1000
20170817142837,buy,10.7,700
20170817142917,buy,10.7,1600
20170817142923,buy,10.7,1600
20170817142941,buy,10.7,1600
20170817143450,buy,10.64,1200
20170817143534,buy,10.65,1200
20170817143544,buy,10.65,1200
20170817143559,buy,10.68,1200
20170817143608,buy,10.7,1200
20170817143624,buy,10.74,300
20170817143634,buy,10.73,300
20170817143825,sell,10.7,1100
20170817144544,sell-pending,10.73,1200
20170817145314,sell-pending,10.73,1200
20170817145426,sell,10.68,1200
20170817145759,buy,10.69,3100
20170817145809,buy,10.7,3100
20170817145817,buy,10.7,3100
20170817145831,buy,10.71,1500
20170817145836,buy,10.71,1500
20170817145848,buy,10.74,700
20170817145855,buy,10.73,700
20170817145949,buy,10.73,700
20170817145956,buy,10.73,700
20170817150000,buy-pending,10.73,700
20170818093039,buy-pending,10.9,27600
20170818093049,buy-pending,10.91,1500
20170818093101,buy-pending,10.92,1500
20170818093121,sell,10.98,3100
20170818093147,sell,11.03,3100
20170818093205,sell,10.99,3100
20170818093218,sell,10.99,3200
20170818093314,sell,10.97,3200
20170818093326,sell,10.99,3100
20170818093340,sell,10.99,3100
20170818093356,sell,11.04,3100
20170818093421,sell,11.1,3100
20170818093438,sell,11.08,3100
20170818093445,sell,11.08,3100
20170818093449,sell,11.08,3100
20170818093456,sell,11.05,3100
20170818093503,sell,11.02,3200
20170818093508,sell,11,3200
20170818093510,sell,11,3100
20170818093606,sell-pending,11.03,3100
20170818093611,sell,11,3200
20170818093620,sell,10.98,3200
20170818093636,sell-pending,10.99,3200
20170818093654,sell,10.94,3200
20170818093658,buy-pending,10.7,35700
20170818093658,buy-pending,10.73,6500
20170818093658,buy-pending,10.74,1500
20170818093658,buy-pending,10.75,1500
20170818093659,buy-pending,10.9,27600
20170818093659,buy-pending,10.91,1500
20170818093659,buy-pending,10.92,1500
20170818093715,sell,10.9,3200
20170818093726,sell-pending,11.03,3100
20170818093726,sell-pending,10.99,3200
20170818093757,sell,10.9,1900
20170818093823,sell,10.9,1900
20170818093840,sell,10.9,4700
20170818093857,sell,10.9,2400
20170818094006,sell,10.9,2400
20170818094013,sell,10.88,2400
20170818094031,sell,10.85,2400
20170818094037,sell,10.83,2400
20170818094043,sell,10.8,2400
20170818094103,sell,10.83,2400
20170818094132,sell,10.8,2400
20170818094346,sell,10.8,5900
20170818094543,sell,10.83,1400
20170818094707,sell,10.85,1300
20170818094750,sell,10.85,1100
20170818094812,sell,10.87,1100
20170818094831,sell,10.9,1100
20170821093013,sell,10.84,1200
20170821093122,sell,10.79,5100
20170821093126,sell,10.79,5100
20170821093653,sell,10.82,800
20170821093747,sell,10.8,3000
20170821093848,sell,10.8,800
20170821093848,sell-pending,10.8,800
20170821093929,sell,10.7,3500
20170821093933,sell,10.7,3400
20170821093940,sell,10.68,3500
20170821094118,sell,10.7,800
20170821094126,sell,10.7,800
20170821094138,sell,10.71,800
20170821094145,sell,10.71,800
20170821094354,sell-pending,10.8,800
20170821094500,sell,10.71,1200
20170821094510,sell,10.7,1200
20170821094557,sell,10.7,1200
20170821095847,sell-pending,10.67,1200
20170821100026,sell,10.6,12400
20170821100054,sell-pending,10.67,1200
20170821100212,sell,10.63,1200
20170816134018,buy-pending,10.21,1000
20170816134034,buy,10.22,3200
20170816135424,buy,10.24,1000
20170816135433,buy-pending,10.24,1000
20170816135501,buy,10.25,2100
20170816135545,buy,10.26,2100
20170816135741,buy-pending,10.27,2100
20170816135746,buy,10.28,2100
20170816135753,buy,10.29,2100
20170816140133,buy-pending,10.21,1000
20170816140133,buy-pending,10.24,1000
20170816140133,buy-pending,10.27,2100
20170816140407,buy-pending,10.29,2100
20170816140510,buy-pending,10.29,2100
20170816141012,buy,10.3,2100
20170816141113,buy-pending,10.3,2100
20170816141233,buy-pending,10.3,2100
20170816141603,buy-pending,10.3,2100
20170816141612,buy-pending,10.31,2200
20170816141618,buy,10.32,2200
20170816141814,buy-pending,10.33,2100
20170816141820,buy-pending,10.34,2100
20170816141826,buy,10.35,2100
20170816141831,buy-pending,10.35,2100
20170816141850,buy-pending,10.37,2100
20170816141856,buy-pending,10.38,2100
20170816141902,buy-pending,10.39,2100
20170816141909,buy-pending,10.4,2100
20170816142031,buy-pending,10.3,2100
20170816142032,buy-pending,10.31,2200
20170816142032,buy-pending,10.33,2100
20170816142032,buy-pending,10.34,2100
20170816142032,buy-pending,10.35,2100
20170816142032,buy-pending,10.37,2100
20170816142032,buy-pending,10.38,2100
20170816142032,buy-pending,10.39,2100
20170816142032,buy-pending,10.4,2100
20170816142724,buy,10.4,5600
20170816142806,buy,10.42,1600
20170816142815,buy,10.43,1600
20170816144421,buy-pending,10.39,1000
20170816144531,buy-pending,10.4,1000
20170816144540,buy,10.41,1000
20170816144631,buy,10.42,1000
20170816144639,buy,10.42,1000
20170816144922,buy,10.47,1000
20170816144950,buy,10.45,1000
20170816145040,buy,10.44,1000
20170816145049,buy,10.45,1000
20170816145123,buy-pending,10.43,1000
20170816145128,buy,10.44,1000
20170816145133,buy-pending,10.44,1000
20170816145145,buy,10.45,1000
20170816145152,buy-pending,10.44,1000
20170816145219,buy-pending,10.45,3800
20170816145226,buy-pending,10.45,3800
20170816145236,buy,10.5,3800
20170816145251,buy,10.58,1000
20170816145408,buy-pending,10.47,1000
20170816145414,buy,10.48,1000
20170816145430,buy,10.48,3800
20170816145433,buy,10.48,3800
20170816145557,buy,10.5,3800
20170816145601,buy,10.5,3800
20170816145607,buy,10.51,3800
20170816145611,buy,10.52,3800
20170816145616,buy,10.53,3800
20170816145625,buy-pending,10.53,3800
20170816145629,buy,10.54,3800
20170816145635,buy,10.59,3800
20170816145644,buy,10.57,3800
20170816145649,buy,10.59,3800
20170816145653,buy,10.59,3800
20170816145702,buy,10.6,3800
20170816145706,buy,10.6,3800
20170816145805,buy,10.58,3800
20170816145809,buy-pending,10.58,3800
20170816145814,buy,10.6,3800
20170816145817,buy,10.6,3800
20170816145822,buy-pending,10.61,3700
20170816145826,buy,10.65,3800
20170816145833,buy,10.77,3700
20170816145843,buy,10.77,1500
20170816145849,buy,10.87,1500
20170816145857,buy,10.97,1500
20170817093252,sell,10.8,17700
20170817093338,buy-pending,10.61,3700
20170817093342,buy-pending,10.62,3700
20170817093348,buy-pending,10.64,3700
20170817093353,buy-pending,10.64,3700
20170817093357,buy-pending,10.64,3700
20170817093409,buy-pending,10.7,3600
20170817093420,buy,10.81,3600
20170817093426,buy,10.81,3600
20170817093426,buy,10.81,3600
20170817093434,buy,10.81,3500
20170817093441,buy,10.81,3500
20170817093511,buy-pending,10.78,34700
20170817093527,buy,10.79,4900
20170817093538,buy,10.79,3400
20170817093543,buy,10.8,3400
20170817093549,buy,10.8,3300
20170817093550,buy,10.8,3300
20170817093605,buy-pending,10.84,35300
20170817093616,buy,10.93,5000
20170817093623,buy,10.96,5000
20170817093629,buy,10.96,5000
20170817093637,buy,10.96,5000
20170817093731,buy-pending,10.61,3700
20170817093731,buy-pending,10.62,3700
20170817093731,buy-pending,10.64,3700
20170817093731,buy-pending,10.64,3700
20170817093731,buy-pending,10.64,3700
20170817093732,buy-pending,10.7,3600
20170817093732,buy-pending,10.78,34700
20170817093732,buy-pending,10.84,35300
20170817093824,sell,10.78,1900
20170817093847,buy-pending,10.7,5800
20170817093854,buy-pending,10.71,5800
20170817093919,sell,10.75,1900
20170817094017,sell,10.78,1900
20170817094135,sell-pending,10.8,900
20170817094221,sell,10.76,900
20170817094224,sell,10.76,900
20170817094240,buy-pending,10.7,5800
20170817094240,buy-pending,10.71,5800
20170817094305,sell,10.7,4900
20170817094306,sell,10.7,4900
20170817094357,sell,10.72,900
20170817094426,sell-pending,10.78,25900
20170817094631,sell-pending,10.95,2800
20170817094631,sell-pending,10.8,900
20170817094632,sell-pending,10.78,25900
20170817094656,sell-pending,10.85,26600
20170817095429,sell,10.71,3400
20170817095636,sell,10.7,900
20170817095924,sell,10.72,1400
20170817095931,sell-pending,10.73,1400
20170817100419,sell,10.68,1400
20170817100610,sell-pending,10.68,2500
20170817100658,sell,10.65,2500
20170817100702,sell-pending,10.65,2500
20170817100733,sell-pending,10.85,26600
20170817100733,sell-pending,10.73,1400
20170817100733,sell-pending,10.68,2500
20170817100733,sell-pending,10.65,2500
20170817100817,sell-pending,10.71,21800
20170817101206,sell,10.67,1600
20170817101438,sell-pending,10.71,21800
20170817101438,sell-pending,10.67,1600
20170817102339,sell,10.65,1600
20170817102348,sell,10.63,1600
20170817102400,sell,10.62,3900
20170817103317,sell,10.6,6300
20170817103334,sell,10.58,6300
20170817104236,sell,10.63,1600
20170817131029,sell,10.65,1000
20170817131512,sell-pending,10.65,1100
20170817131512,sell-pending,10.65,1100
20170817131522,sell,10.63,1000
20170817131902,sell,10.6,8900
20170817132310,sell-pending,10.65,1100
20170817132310,sell-pending,10.65,1100
20170817132352,sell-pending,10.64,11190
20170817133242,sell-pending,10.64,11190
20170817134110,sell,10.67,1100
20170817134328,sell,10.7,5600
20170817134502,sell,10.64,1100
20170817142628,buy,10.62,400
20170817142650,buy,10.65,400
20170817142716,buy,10.66,400
20170817142748,buy,10.66,1300
20170817142756,buy,10.69,1300
20170817142804,buy,10.7,1300
20170817142837,buy,10.7,1000
20170817142917,buy,10.7,2000
20170817142923,buy,10.7,2000
20170817142941,buy,10.7,2000
20170817143450,buy,10.64,1500
20170817143534,buy,10.65,1500
20170817143544,buy-pending,10.65,1500
20170817143559,buy,10.68,1500
20170817143608,buy,10.7,1500
20170817143624,buy,10.74,400
20170817143634,buy,10.73,400
20170817143825,sell,10.7,1600
20170817144544,sell-pending,10.73,1790
20170817145314,sell-pending,10.73,1790
20170817145426,sell,10.68,1790
20170818093039,buy-pending,10.9,37300
20170818093049,buy-pending,10.91,2100
20170818093101,buy-pending,10.92,2100
20170818093121,sell,10.98,2700
20170818093147,sell,11.03,2700
20170818093205,sell,10.99,2700
20170818093218,sell,10.99,2700
20170818093314,sell,10.97,2700
20170818093326,sell,10.99,2700
20170818093340,sell,10.99,2700
20170818093356,sell,11.04,2700
20170818093421,sell,11.1,2700
20170818093438,sell,11.08,2700
20170818093445,sell,11.08,2700
20170818093449,sell,11.08,2700
20170818093455,sell,11.05,2700
20170818093503,sell,11.02,2700
20170818093508,sell,11,2700
20170818093510,sell,11,2800
20170818093606,sell-pending,11.03,2700
20170818093612,sell,11,2700
20170818093620,sell,10.98,2800
20170818093636,sell-pending,10.99,2700
20170818093654,sell,10.94,2800
20170818093658,buy-pending,10.7,52100
20170818093658,buy-pending,10.73,9500
20170818093658,buy-pending,10.74,2200
20170818093658,buy-pending,10.75,2200
20170818093658,buy-pending,10.9,37300
20170818093659,buy-pending,10.91,2100
20170818093659,buy-pending,10.92,2100
20170818093714,sell,10.9,2800
20170818093726,sell-pending,11.03,2700
20170818093726,sell-pending,10.99,2700
20170818093757,sell,10.9,1600
20170818093823,sell,10.9,1600
20170818093840,sell,10.9,4100
20170818093857,sell,10.9,2100
20170818094006,sell,10.9,2100
20170818094013,sell,10.88,2100
20170818094031,sell,10.85,2100
20170818094037,sell,10.83,2100
20170818094043,sell,10.8,2100
20170818094103,sell,10.83,2100
20170818094132,sell,10.8,2100
20170818094346,sell,10.8,5200
20170818094543,sell,10.83,1200
20170818094707,sell,10.85,1200
20170818094750,sell,10.85,1400
20170818094812,sell,10.87,700
20170818094831,sell,10.9,700
20170821093013,sell,10.84,1000
20170821093122,sell,10.79,4400
20170821093126,sell,10.79,4400
20170821093653,sell,10.82,700
20170821093747,sell,10.8,2600
20170821093848,sell-pending,10.8,700
20170821093848,sell-pending,10.8,700
20170821093929,sell,10.7,3000
20170821093933,sell,10.7,3000
20170821093940,sell,10.68,3000
20170821094118,sell,10.7,700
20170821094126,sell,10.7,700
20170821094138,sell,10.71,700
20170821094145,sell,10.71,700
20170821094336,sell-pending,10.8,700
20170821094501,sell,10.71,1000
20170821094510,sell,10.7,1000
20170821094557,sell-pending,10.7,1000
20170821095847,sell-pending,10.67,1100
20170821100026,sell,10.6,10600
20170821100056,sell-pending,10.8,700
20170821100120,sell-pending,10.7,1000
20170821100131,sell-pending,10.67,1100
20170821100212,sell,10.63,1700
20170821100219,sell,10.63,1100
20170816134018,buy-pending,10.21,700
20170816134034,buy,10.22,2400
20170816135424,buy,10.24,800
20170816135433,buy-pending,10.24,800
20170816135501,buy,10.25,1600
20170816135545,buy,10.26,1600
20170816135741,buy-pending,10.27,1600
20170816135746,buy,10.28,1600
20170816135753,buy,10.29,1600
20170816140133,buy-pending,10.21,700
20170816140133,buy-pending,10.24,800
20170816140133,buy-pending,10.27,1600
20170816140407,buy-pending,10.29,1600
20170816140510,buy-pending,10.29,1600
20170816141012,buy,10.3,1600
20170816141113,buy-pending,10.3,1600
20170816141233,buy-pending,10.3,1600
20170816141603,buy-pending,10.3,1600
20170816141612,buy-pending,10.31,1600
20170816141618,buy,10.32,1600
20170816141814,buy-pending,10.33,1600
20170816141820,buy-pending,10.34,1600
20170816141826,buy,10.35,1600
20170816141831,buy-pending,10.35,1600
20170816141850,buy-pending,10.37,1600
20170816141856,buy-pending,10.38,1600
20170816141902,buy-pending,10.39,1600
20170816141909,buy-pending,10.4,1600
20170816142032,buy-pending,10.3,1600
20170816142032,buy-pending,10.31,1600
20170816142032,buy-pending,10.33,1600
20170816142032,buy-pending,10.34,1600
20170816142032,buy-pending,10.35,1600
20170816142032,buy-pending,10.37,1600
20170816142032,buy-pending,10.38,1600
20170816142032,buy-pending,10.39,1600
20170816142032,buy-pending,10.4,1600
20170816142724,buy,10.4,4300
20170816142806,buy,10.42,1200
20170816142815,buy,10.43,1200
20170816144421,buy-pending,10.39,800
20170816144531,buy-pending,10.4,800
20170816144540,buy,10.41,800
20170816144631,buy,10.42,800
20170816144639,buy,10.42,800
20170816144922,buy,10.47,800
20170816144950,buy,10.45,800
20170816145040,buy,10.44,800
20170816145049,buy,10.45,800
20170816145123,buy-pending,10.43,800
20170816145128,buy,10.44,800
20170816145133,buy-pending,10.44,800
20170816145145,buy,10.45,800
20170816145152,buy-pending,10.44,800
20170816145219,buy-pending,10.45,3000
20170816145226,buy-pending,10.45,3000
20170816145236,buy,10.5,2900
20170816145251,buy,10.58,800
20170816145408,buy-pending,10.47,800
20170816145414,buy,10.48,800
20170816145430,buy,10.48,2900
20170816145434,buy,10.48,2900
20170816145558,buy,10.5,2900
20170816145602,buy,10.5,2900
20170816145607,buy,10.51,2900
20170816145611,buy,10.52,2900
20170816145616,buy,10.53,2900
20170816145625,buy-pending,10.53,2900
20170816145629,buy,10.54,2900
20170816145635,buy,10.59,2900
20170816145644,buy,10.57,2900
20170816145649,buy,10.59,2900
20170816145652,buy,10.59,2900
20170816145702,buy,10.6,2900
20170816145707,buy,10.6,2900
20170816145805,buy,10.58,2900
20170816145809,buy-pending,10.58,2900
20170816145814,buy,10.6,2900
20170816145818,buy-pending,10.6,2900
20170816145822,buy-pending,10.61,2900
20170816145826,buy,10.65,2900
20170816145833,buy,10.77,2900
20170816145843,buy,10.77,1200
20170816145849,buy,10.87,1200
20170816145857,buy,10.97,1100
20170817093252,sell,10.8,13100
20170817093338,buy-pending,10.61,3000
20170817093342,buy-pending,10.62,3000
20170817093348,buy-pending,10.64,3000
20170817093353,buy-pending,10.64,3000
20170817093357,buy-pending,10.64,3000
20170817093409,buy-pending,10.7,3000
20170817093420,buy,10.81,2900
20170817093426,buy,10.81,2900
20170817093426,buy,10.81,2900
20170817093434,buy,10.81,2900
20170817093441,buy,10.81,2900
20170817093511,buy-pending,10.78,29100
20170817093527,buy,10.79,4200
20170817093538,buy,10.79,2900
20170817093543,buy,10.8,2900
20170817093549,buy,10.8,2800
20170817093551,buy,10.8,2800
20170817093605,buy-pending,10.84,29800
20170817093616,buy,10.93,4200
20170817093623,buy,10.96,4200
20170817093629,buy,10.96,4200
20170817093637,buy,10.96,4200
20170817093731,buy-pending,10.61,3000
20170817093731,buy-pending,10.62,3000
20170817093731,buy-pending,10.64,3000
20170817093731,buy-pending,10.64,3000
20170817093731,buy-pending,10.64,3000
20170817093731,buy-pending,10.7,3000
20170817093732,buy-pending,10.78,29100
20170817093732,buy-pending,10.84,29800
20170817093824,sell,10.78,1400
20170817093847,buy-pending,10.7,4800
20170817093854,buy-pending,10.71,4800
20170817093919,sell,10.75,1400
20170817094017,sell,10.78,1400
20170817094135,sell-pending,10.8,700
20170817094221,sell,10.76,700
20170817094224,sell,10.76,700
20170817094240,buy-pending,10.7,4800
20170817094240,buy-pending,10.71,4800
20170817094305,sell,10.7,3600
20170817094306,sell,10.7,3600
20170817094357,sell,10.72,700
20170817094426,sell-pending,10.78,19200
20170817094632,sell-pending,10.95,2100
20170817094632,sell-pending,10.8,700
20170817094632,sell-pending,10.78,19200
20170817094656,sell-pending,10.85,20600
20170817095429,sell,10.71,2600
20170817095636,sell,10.7,700
20170817095924,sell,10.72,1100
20170817095931,sell-pending,10.73,1100
20170817100419,sell,10.68,1100
20170817100610,sell-pending,10.68,1900
20170817100658,sell,10.65,1900
20170817100702,sell-pending,10.65,1900
20170817100733,sell-pending,10.85,20600
20170817100733,sell-pending,10.73,1100
20170817100733,sell-pending,10.68,1900
20170817100733,sell-pending,10.65,1900
20170817100817,sell-pending,10.71,16900
20170817101206,sell-pending,10.67,1200
20170817101438,sell-pending,10.71,16900
20170817101438,sell-pending,10.67,1200
20170817102339,sell,10.65,1300
20170817102348,sell,10.63,1300
20170817102400,sell,10.62,3100
20170817103317,sell,10.6,4900
20170817103334,sell,10.58,4900
20170817104236,sell,10.63,1300
20170817131029,sell,10.65,800
20170817131512,sell-pending,10.65,800
20170817131512,sell-pending,10.65,800
20170817131522,sell,10.63,800
20170817131902,sell,10.6,6900
20170817132310,sell-pending,10.65,800
20170817132310,sell-pending,10.65,800
20170817132352,sell-pending,10.64,8600
20170817133242,sell-pending,10.64,8600
20170817134110,sell,10.67,800
20170817134328,sell,10.7,4300
20170817134502,sell,10.64,800
20170817142628,buy,10.62,400
20170817142650,buy,10.65,400
20170817142716,buy,10.66,400
20170817142748,buy,10.66,1100
20170817142756,buy,10.69,1100
20170817142804,buy,10.7,1100
20170817142838,buy,10.7,800
20170817142917,buy,10.7,1700
20170817142923,buy,10.7,1700
20170817142941,buy,10.7,1700
20170817143450,buy,10.64,1300
20170817143534,buy,10.65,1300
20170817143544,buy-pending,10.65,1300
20170817143559,buy,10.68,1300
20170817143608,buy,10.7,1300
20170817143624,buy,10.74,400
20170817143634,buy,10.73,400
20170817143825,sell,10.7,1300
20170817144544,sell-pending,10.73,1400
20170817145314,sell-pending,10.73,1400
20170817145426,sell,10.68,1400
20170817145759,buy-pending,10.69,3400
20170817145809,buy,10.7,3400
20170817145817,buy,10.7,3400
20170817145831,buy,10.71,1600
20170817145836,buy,10.71,1600
20170817145848,buy,10.74,700
20170817145855,buy,10.73,700
20170817145949,buy,10.73,700
20170817145956,buy,10.73,700
20170817150000,buy-pending,10.73,700
20170818093039,buy-pending,10.9,30600
20170818093049,buy-pending,10.91,1700
20170818093101,buy-pending,10.92,1700
20170818093121,sell,10.98,2200
20170818093147,sell,11.03,2200
20170818093205,sell,10.99,2200
20170818093218,sell,10.99,2200
20170818093314,sell,10.97,2200
20170818093326,sell,10.99,2200
20170818093340,sell,10.99,2200
20170818093356,sell,11.04,2200
20170818093421,sell,11.1,2200
20170818093438,sell,11.08,2200
20170818093445,sell,11.08,2200
20170818093449,sell,11.08,2200
20170818093455,sell,11.05,2300
20170818093503,sell,11.02,2300
20170818093508,sell,11,2300
20170818093510,sell,11,2300
20170818093606,sell-pending,11.03,2300
20170818093612,sell,11,2300
20170818093620,sell,10.98,2300
20170818093636,sell-pending,10.99,2300
20170818093654,sell,10.94,2300
20170818093658,buy-pending,10.7,43600
20170818093658,buy-pending,10.73,8000
20170818093658,buy-pending,10.74,1800
20170818093658,buy-pending,10.75,1800
20170818093658,buy-pending,10.9,30600
20170818093658,buy-pending,10.91,1700
20170818093659,buy-pending,10.92,1700
20170818093718,sell,10.9,2300
20170818093726,sell-pending,11.03,2300
20170818093726,sell-pending,10.99,2300
20170818093757,sell,10.9,1300
20170818093823,sell,10.9,1300
20170818093840,sell,10.9,3400
20170818093857,sell,10.9,1700
20170818094006,sell-pending,10.9,1700
20170818094013,sell,10.88,1700
20170818094031,sell,10.85,1700
20170818094037,sell,10.83,1700
20170818094043,sell,10.8,1700
20170818094103,sell,10.83,1700
20170818094132,sell,10.8,1800
20170818094302,sell-pending,10.9,1700
20170818094346,sell,10.8,5200
20170818094543,sell,10.83,1200
20170818094707,sell,10.85,1200
20170818094750,sell,10.85,1000
20170818094812,sell,10.87,900
20170818094831,sell,10.9,1000
20170821093013,sell,10.84,800
20170821093122,sell,10.79,3600
20170821093126,sell,10.79,3600
20170821093653,sell,10.82,500
20170821093747,sell,10.8,2100
20170821093848,sell,10.8,500
20170821093848,sell-pending,10.8,500
20170821093929,sell,10.7,2400
20170821093933,sell,10.7,2500
20170821093940,sell,10.68,2500
20170821094118,sell,10.7,600
20170821094126,sell,10.7,600
20170821094138,sell,10.71,600
20170821094145,sell,10.71,500
20170821094341,sell-pending,10.8,500
20170821094501,sell,10.71,900
20170821094510,sell,10.7,900
20170821094557,sell-pending,10.7,800
20170821095847,sell-pending,10.67,900
20170821100026,sell,10.6,8700
20170821100051,sell-pending,10.7,800
20170821100117,sell-pending,10.67,900
20170821100212,sell,10.63,1700
20170816134018,buy-pending,10.21,700
20170816134034,buy,10.22,2400
20170816135424,buy,10.24,700
20170816135433,buy-pending,10.24,700
20170816135501,buy,10.25,1600
20170816135545,buy,10.26,1600
20170816135741,buy,10.27,1600
20170816135746,buy,10.28,1600
20170816135754,buy,10.29,1600
20170816140133,buy-pending,10.21,700
20170816140133,buy-pending,10.24,700
20170816140407,buy-pending,10.29,1600
20170816140510,buy-pending,10.29,1600
20170816141012,buy,10.3,1600
20170816141113,buy-pending,10.3,1600
20170816141233,buy-pending,10.3,1600
20170816141603,buy,10.3,1600
20170816141612,buy-pending,10.31,1600
20170816141618,buy,10.32,1600
20170816141814,buy,10.33,1600
20170816141820,buy,10.34,1600
20170816141826,buy,10.35,1600
20170816141831,buy-pending,10.35,1600
20170816141850,buy,10.37,1600
20170816141856,buy-pending,10.38,1600
20170816141902,buy,10.39,1600
20170816141909,buy-pending,10.4,1600
20170816142032,buy-pending,10.3,1600
20170816142032,buy-pending,10.31,1600
20170816142032,buy-pending,10.33,1600
20170816142032,buy-pending,10.35,1600
20170816142032,buy-pending,10.38,1600
20170816142032,buy-pending,10.4,1600
20170816142724,buy,10.4,4100
20170816142806,buy,10.42,1200
20170816142815,buy,10.43,1200
20170816144421,buy-pending,10.39,800
20170816144531,buy-pending,10.4,800
20170816144540,buy,10.41,800
20170816144631,buy,10.42,800
20170816144639,buy,10.42,800
20170816144922,buy,10.47,700
20170816144950,buy,10.45,700
20170816145040,buy,10.44,700
20170816145049,buy,10.45,700
20170816145123,buy-pending,10.43,800
20170816145128,buy,10.44,700
20170816145133,buy-pending,10.44,700
20170816145145,buy,10.45,700
20170816145152,buy-pending,10.44,800
20170816145219,buy,10.45,2900
20170816145225,buy-pending,10.45,2900
20170816145236,buy,10.5,2800
20170816145251,buy,10.58,700
20170816145408,buy-pending,10.47,700
20170816145414,buy,10.48,700
20170816145430,buy,10.48,2900
20170816145434,buy,10.48,2900
20170816145557,buy,10.5,2800
20170816145602,buy,10.5,2800
20170816145607,buy,10.51,2900
20170816145611,buy,10.52,2800
20170816145616,buy,10.53,2800
20170816145625,buy-pending,10.53,2800
20170816145629,buy,10.54,2800
20170816145635,buy,10.59,2800
20170816145644,buy,10.57,2800
20170816145649,buy,10.59,2800
20170816145652,buy,10.59,2800
20170816145702,buy,10.6,2800
20170816145707,buy,10.6,2800
20170816145805,buy,10.58,2800
20170816145810,buy-pending,10.58,2800
20170816145814,buy,10.6,2800
20170816145818,buy-pending,10.6,2800
20170816145822,buy-pending,10.61,2800
20170816145826,buy,10.65,2800
20170816145833,buy,10.77,2800
20170816145843,buy,10.77,1100
20170816145849,buy,10.87,1100
20170816145857,buy,10.97,1100
20170817093252,sell,10.8,14400
20170817093338,buy-pending,10.61,2900
20170817093342,buy,10.62,2900
20170817093348,buy,10.64,2800
20170817093353,buy-pending,10.64,2900
20170817093357,buy-pending,10.64,2900
20170817093409,buy-pending,10.7,2800
20170817093420,buy,10.81,2800
20170817093425,buy,10.81,2800
20170817093426,buy,10.81,2800
20170817093434,buy,10.81,2800
20170817093441,buy,10.81,3000
20170817093511,buy-pending,10.78,29800
20170817093527,buy,10.79,4300
20170817093538,buy,10.79,3000
20170817093543,buy,10.8,3000
20170817093549,buy,10.8,2900
20170817093551,buy,10.8,2900
20170817093604,buy,10.84,28600
20170817093615,buy,10.93,4000
20170817093623,buy,10.96,4000
20170817093629,buy,10.96,4000
20170817093637,buy,10.96,4000
20170817093731,buy-pending,10.61,2900
20170817093731,buy-pending,10.64,2900
20170817093731,buy-pending,10.64,2900
20170817093731,buy-pending,10.7,2800
20170817093732,buy-pending,10.78,29800
20170817093824,sell,10.78,1500
20170817093847,buy-pending,10.7,4000
20170817093854,buy-pending,10.71,4000
20170817093919,sell,10.75,1500
20170817094017,sell,10.78,1500
20170817094135,sell-pending,10.8,700
20170817094221,sell,10.76,700
20170817094224,sell,10.76,700
20170817094240,buy-pending,10.7,4000
20170817094240,buy-pending,10.71,4000
20170817094305,sell,10.7,4000
20170817094306,sell,10.7,4000
20170817094357,sell,10.72,700
20170817094426,sell-pending,10.78,21300
20170817094632,sell-pending,10.8,700
20170817094632,sell-pending,10.78,21300
20170817094656,sell-pending,10.85,21600
20170817095429,sell,10.71,2800
20170817095636,sell,10.7,700
20170817095924,sell,10.72,1100
20170817095931,sell-pending,10.73,1100
20170817100419,sell,10.68,1200
20170817100610,sell,10.68,2000
20170817100658,sell,10.65,2000
20170817100702,sell,10.65,2000
20170817100732,sell-pending,10.85,21600
20170817100733,sell-pending,10.73,1100
20170817100817,sell-pending,10.71,15700
20170817101206,sell,10.67,1100
20170817101438,sell-pending,10.71,15700
20170817102339,sell,10.65,1100
20170817102348,sell,10.63,1100
20170817102400,sell,10.62,2800
20170817103317,sell,10.6,4400
20170817103334,sell,10.58,4400
20170817104236,sell,10.63,1100
20170817131029,sell,10.65,700
20170817131512,sell-pending,10.65,700
20170817131512,sell-pending,10.65,700
20170817131522,sell,10.63,700
20170817131902,sell,10.6,6300
20170817132310,sell-pending,10.65,700
20170817132310,sell-pending,10.65,700
20170817132352,sell-pending,10.64,7854
20170817133242,sell-pending,10.64,7854
20170817134110,sell,10.67,700
20170817134328,sell,10.7,3900
20170817134502,sell,10.64,800
20170817142628,buy,10.62,300
20170817142650,buy,10.65,300
20170817142716,buy,10.66,300
20170817142747,buy,10.66,1000
20170817142756,buy,10.69,1000
20170817142804,buy,10.7,1000
20170817142837,buy,10.7,800
20170817142917,buy,10.7,1600
20170817142923,buy,10.7,1600
20170817142941,buy,10.7,1600
20170817143450,buy,10.64,1200
20170817143534,buy,10.65,1200
20170817143544,buy,10.65,1200
20170817143559,buy,10.68,1200
20170817143608,buy,10.7,1200
20170817143624,buy,10.74,300
20170817143634,buy,10.73,300
20170817143825,sell,10.7,1200
20170817144544,sell-pending,10.73,1254
20170817145314,sell-pending,10.73,1254
20170817145426,sell,10.68,1254
20170817145759,buy,10.69,3100
20170817145809,buy,10.7,3100
20170817145817,buy,10.7,3100
20170817145830,buy,10.71,1500
20170817145836,buy,10.71,1500
20170817145848,buy,10.74,700
20170817145855,buy,10.73,700
20170817145949,buy,10.73,700
20170817145956,buy,10.73,700
20170817150000,buy-pending,10.73,700
20170818093039,buy-pending,10.9,28200
20170818093049,buy-pending,10.91,1500
20170818093101,buy-pending,10.92,1500
20170818093121,sell,10.98,3000
20170818093147,sell,11.03,3000
20170818093205,sell,10.99,3000
20170818093218,sell,10.99,3100
20170818093314,sell,10.97,3100
20170818093326,sell,10.99,3000
20170818093340,sell,10.99,3000
20170818093356,sell,11.04,3000
20170818093421,sell,11.1,3000
20170818093438,sell,11.08,3000
20170818093445,sell,11.08,3000
20170818093449,sell,11.08,3000
20170818093455,sell,11.05,3000
20170818093503,sell,11.02,3100
20170818093508,sell,11,3100
20170818093510,sell,11,3200
20170818093606,sell-pending,11.03,3000
20170818093611,sell,11,3000
20170818093620,sell,10.98,3100
20170818093636,sell-pending,10.99,3100
20170818093654,sell,10.94,3100
20170818093658,buy-pending,10.7,36900
20170818093658,buy-pending,10.73,6700
20170818093658,buy-pending,10.74,1500
20170818093658,buy-pending,10.75,1500
20170818093658,buy-pending,10.9,28200
20170818093659,buy-pending,10.91,1500
20170818093659,buy-pending,10.92,1500
20170818093718,sell,10.9,3100
20170818093726,sell-pending,11.03,3000
20170818093726,sell-pending,10.99,3100
20170818093757,sell,10.9,1800
20170818093823,sell,10.9,1800
20170818093840,sell,10.9,4500
20170818093857,sell,10.9,2300
20170818094006,sell,10.9,2300
20170818094013,sell,10.88,2300
20170818094031,sell,10.85,2300
20170818094037,sell,10.83,2300
20170818094043,sell,10.8,2300
20170818094103,sell,10.83,2300
20170818094132,sell,10.8,2300
20170818094346,sell,10.8,5900
20170818094543,sell,10.83,1300
20170818094707,sell,10.85,1300
20170818094750,sell,10.85,1100
20170818094812,sell,10.87,1100
20170818094831,sell,10.9,1100
20170821093013,sell,10.84,1200
20170821093122,sell,10.79,5000
20170821093126,sell,10.79,5000
20170821093653,sell,10.82,800
20170821093747,sell,10.8,2900
20170821093848,sell,10.8,800
20170821093848,sell-pending,10.8,800
20170821093929,sell,10.7,3400
20170821093933,sell,10.7,3400
20170821093940,sell,10.68,3400
20170821094118,sell,10.7,800
20170821094126,sell,10.7,800
20170821094138,sell,10.71,800
20170821094145,sell,10.71,800
20170821094355,sell-pending,10.8,800
20170821094500,sell,10.71,1200
20170821094510,sell,10.7,1200
20170821094557,sell,10.7,1200
20170821095847,sell-pending,10.67,1200
20170821100026,sell,10.6,11900
20170821100044,sell-pending,10.67,1200
20170821100212,sell,10.63,1200
20170816140806,buy,10.4200,3200
20170816140831,buy,10.4200,2100
20170816140833,buy-pending,10.4400,2100
20170816140815,buy,10.4300,3200
20170816140829,buy,10.5400,7500
20170816140849,buy,10.5900,7500
20170816140831,buy-pending,10.4000,4200
20170816140825,buy-pending,10.4500,7600
20170816140839,buy,10.4200,2100
20170816140807,buy-pending,10.2900,4200
20170816140802,buy-pending,10.3900,4200
20170816140809,buy-pending,10.2900,4200
20170816140831,buy-pending,10.3500,4300
20170816140833,buy-pending,10.2700,4200
20170816140833,buy-pending,10.2400,2000
20170816140831,buy-pending,10.3900,4200
20170816130846,buy,10.2800,4200
20170816140836,buy,10.5000,7500
20170816140828,buy,10.4400,2100
20170816140857,buy,10.5000,7500
20170816140818,buy,10.3200,4300
20170816130841,buy-pending,10.2700,4200
20170816140832,buy-pending,10.3100,4300
20170816140856,buy-pending,10.3800,4300
20170816140823,buy-pending,10.4300,2100
20170816140807,buy-pending,10.4700,2000
20170816140840,buy,10.4100,2100
20170816140821,buy-pending,10.3900,2100
20170816140812,buy,10.3000,4200
20170816140832,buy-pending,10.3700,4300
20170816140813,buy,10.4800,2000
20170816140831,buy-pending,10.4000,2100
20170816140835,buy,10.5900,7500
20170816140825,buy-pending,10.5300,7500
20170816140806,buy,10.6000,7400
20170816140802,buy,10.6000,7400
20170816140852,buy-pending,10.4400,2100
20170816140840,buy,10.4400,2100
20170816140845,buy,10.4500,2100
20170816140819,buy-pending,10.3400,4300
20170816130801,buy,10.2500,4200
20170816140814,buy-pending,10.3300,4300
20170816130824,buy,10.2400,2000
20170816140832,buy-pending,10.3300,4300
20170816140808,buy-pending,10.4000,4200
20170816140831,buy-pending,10.3800,4300
20170816140824,buy,10.4000,11000
20170816140832,buy-pending,10.3500,4300
20170816130833,buy-pending,10.2400,2000
20170816140833,buy-pending,10.2500,4200
20170816140832,buy-pending,10.3000,4200
20170816130818,buy-pending,10.2100,2000
20170816140833,buy-pending,10.3000,4200
20170816130853,buy,10.2900,4200
20170816130834,buy,10.2200,6400
20170816130845,buy,10.2600,4200
20170816140832,buy-pending,10.3400,4300
20170816140812,buy-pending,10.3000,4200
20170816140812,buy-pending,10.3100,4300
20170816140850,buy-pending,10.3700,4300
20170816140803,buy-pending,10.3000,4200
20170816140833,buy-pending,10.2100,2000
20170816140825,buy,10.3500,4300
20170816140851,buy,10.5800,2000
20170816140849,buy,10.4500,2100
20170816140830,buy,10.4800,7500
20170816140849,buy,10.8700,3000
20170816140822,buy-pending,10.6100,7400
20170816140826,buy,10.6500,7400
20170816140811,buy,10.5200,7500
20170816140853,buy,10.5900,7400
20170816140833,buy,10.7700,7300
20170816140844,buy,10.5700,7500
20170816140817,buy,10.6000,7400
20170816140850,buy,10.4500,2100
20170816140816,buy,10.5300,7500
20170816140857,buy,10.9700,3000
20170816140801,buy,10.5000,7500
20170816140843,buy,10.7700,3000
20170816140833,buy,10.4800,7500
20170816140819,buy-pending,10.4500,7600
20170816140807,buy,10.5100,7500
20170816140809,buy-pending,10.5800,7500
20170816140805,buy,10.5800,7500
20170816140813,buy,10.6000,7500
20170816140821,buy,10.4700,2000
20170817100848,sell,10.6300,3100
20170817100833,sell-pending,10.6800,4700
20170817100802,sell-pending,10.6500,4700
20170817100858,sell,10.6500,4700
20170817100833,sell-pending,10.8500,50300
20170817140800,buy,10.6800,3000
20170817140828,buy,10.6200,900
20170817140824,buy,10.7400,900
20170817130842,sell-pending,10.6400,20820
20170817130852,sell-pending,10.6400,20820
20170817140816,buy,10.6600,900
20170817140838,buy,10.7000,2000
20170817140826,sell,10.7000,3100
20170817140804,buy,10.7000,2600
20170817140826,sell,10.6800,3220
20170817140844,sell-pending,10.7300,3220
20170817140856,buy,10.6900,2600
20170817140808,buy,10.7000,3000
20170817140848,buy,10.6600,2600
20170817140842,buy,10.7000,4000
20170817140834,buy,10.7300,900
20170817140850,buy,10.6400,3000
20170817140823,buy,10.7000,4100
20170817130802,sell,10.6000,16800
20170817140817,buy,10.7000,4100
20170817140850,buy,10.6500,900
20170817140814,sell-pending,10.7300,3220
20170817140844,buy-pending,10.6500,3000
20170817100819,sell,10.6800,2700
20170817100839,sell,10.6500,3100
20170817130829,sell,10.6500,2000
20170817130811,sell-pending,10.6500,2000
20170817130812,sell-pending,10.6500,2000
20170817100836,sell,10.6300,3100
20170817130812,sell-pending,10.6500,2000
20170817130811,sell-pending,10.6500,2000
20170817130822,sell,10.6300,2000
20170817140835,buy,10.6500,3000
20170817100810,sell-pending,10.6800,4700
20170817100817,sell,10.6000,12000
20170817100838,sell-pending,10.7100,41200
20170817100817,sell-pending,10.7100,41200
20170817100833,sell-pending,10.7300,2700
20170817100833,sell-pending,10.6500,4700
20170817130810,sell,10.6700,2000
20170817130802,sell,10.6400,2000
20170817130828,sell,10.7000,10500
20170817100834,sell,10.5800,12000
20170817100806,sell-pending,10.6700,3000
20170817100838,sell-pending,10.6700,3000
20170817100800,sell,10.6200,7500
20170821100821,sell-pending,10.7000,2000
20170821100858,sell-pending,10.6700,2000
20170821100826,sell,10.6000,19900
20170821100812,sell,10.6300,4000
20170816134018,buy,10.2100,1400.00
20170816134034,buy,10.2200,4600.00
20170816135424,buy,10.2400,1400.00
20170816135433,buy,10.2400,1400.00
20170816135501,buy,10.2500,3000.00
20170816135545,buy,10.2600,3000.00
20170816135740,buy,10.2700,3000.00
20170816135746,buy,10.2800,3000.00
20170816135753,buy,10.2900,3000.00
20170816140133,buy,10.2100,1400.00
20170816140133,buy,10.2400,1400.00
20170816140407,buy,10.2900,3000.00
20170816140509,buy,10.2900,3000.00
20170816141011,buy,10.3000,3000.00
20170816141112,buy,10.3000,3000.00
20170816141233,buy,10.3000,3000.00
20170816141603,buy,10.3000,3000.00
20170816141612,buy,10.3100,3000.00
20170816141618,buy,10.3200,3000.00
20170816141814,buy,10.3300,3000.00
20170816141819,buy,10.3400,3000.00
20170816141825,buy,10.3500,3000.00
20170816141831,buy,10.3500,3000.00
20170816141849,buy,10.3700,3000.00
20170816141856,buy,10.3800,3000.00
20170816141901,buy,10.3900,3000.00
20170816141908,buy,10.4000,3000.00
20170816142031,buy,10.3100,3000.00
20170816142031,buy,10.3300,3000.00
20170816142032,buy,10.3400,3000.00
20170816142032,buy,10.3500,3000.00
20170816142032,buy,10.3700,3000.00
20170816142032,buy,10.3800,3000.00
20170816142032,buy,10.3900,3000.00
20170816142032,buy,10.4000,3000.00
20170816142724,buy,10.4000,7800.00
20170816142806,buy,10.4200,2200.00
20170816142815,buy,10.4300,2200.00
20170816144421,buy,10.3900,1500.00
20170816144531,buy,10.4000,1500.00
20170816144540,buy,10.4100,1400.00
20170816144630,buy,10.4200,1400.00
20170816144639,buy,10.4200,1400.00
20170816144921,buy,10.4700,1400.00
20170816144950,buy,10.4500,1400.00
20170816145039,buy,10.4400,1400.00
20170816145049,buy,10.4500,1400.00
20170816145122,buy,10.4300,1400.00
20170816145128,buy,10.4400,1400.00
20170816145133,buy,10.4400,1400.00
20170816145144,buy,10.4500,1400.00
20170816145152,buy,10.4400,1400.00
20170816145218,buy,10.4500,5400.00
20170816145225,buy,10.4500,5400.00
20170816145235,buy,10.5000,5400.00
20170816145251,buy,10.5800,1400.00
20170816145407,buy,10.4700,1400.00
20170816145413,buy,10.4800,1400.00
20170816145430,buy,10.4800,5400.00
20170816145434,buy,10.4800,5400.00
20170816145557,buy,10.5000,5300.00
20170816145602,buy,10.5000,5300.00
20170816145606,buy,10.5100,5300.00
20170816145610,buy,10.5200,5300.00
20170816145615,buy,10.5300,5300.00
20170816145624,buy,10.5300,5300.00
20170816145628,buy,10.5400,5300.00
20170816145635,buy,10.5900,5300.00
20170816145644,buy,10.5700,5300.00
20170816145649,buy,10.5900,5300.00
20170816145651,buy,10.5900,5300.00
20170816145702,buy,10.6000,5300.00
20170816145706,buy,10.6000,5300.00
20170816145804,buy,10.5800,5300.00
20170816145809,buy,10.5800,5300.00
20170816145813,buy,10.6000,5300.00
20170816145818,buy,10.6000,5300.00
20170816145821,buy,10.6100,5300.00
20170816145826,buy,10.6500,5300.00
20170816145834,buy,10.7700,5200.00
20170816145843,buy,10.7700,2200.00
20170816145848,buy,10.8700,2100.00
20170816145856,buy,10.9700,2100.00
20170817093252,sell,10.8000,25800.00
20170817093338,buy,10.6100,5300.00
20170817093343,buy,10.6200,5300.00
20170817093348,buy,10.6400,5300.00
20170817093353,buy,10.6400,5300.00
20170817093358,buy,10.6400,5300.00
20170817093409,buy,10.7000,5200.00
20170817093421,buy,10.8100,5200.00
20170817093426,buy,10.8100,5100.00
20170817093426,buy,10.8100,5100.00
20170817093434,buy,10.8100,5100.00
20170817093441,buy,10.8100,5100.00
20170817093511,buy,10.7800,49900.00
20170817093527,buy,10.7900,7100.00
20170817093539,buy,10.7900,4900.00
20170817093543,buy,10.8000,4900.00
20170817093549,buy,10.8000,4800.00
20170817093551,buy,10.8000,4800.00
20170817093605,buy,10.8400,50900.00
20170817093616,buy,10.9300,7200.00
20170817093623,buy,10.9600,7200.00
20170817093629,buy,10.9600,7200.00
20170817093637,buy,10.9600,7200.00
20170817093731,buy,10.6100,5300.00
20170817093731,buy,10.6200,5300.00
20170817093731,buy,10.6400,5300.00
20170817093732,buy,10.6400,5300.00
20170817093732,buy,10.6400,5300.00
20170817093732,buy,10.7000,5200.00
20170817093732,buy,10.7800,49900.00
20170817093732,buy,10.8400,50900.00
20170817093824,sell,10.7800,2800.00
20170817093847,buy,10.7000,8400.00
20170817093854,buy,10.7100,8300.00
20170817093919,sell,10.7500,2800.00
20170817094017,sell,10.7800,2800.00
20170817094135,sell,10.8000,1300.00
20170817094221,sell,10.7600,1300.00
20170817094224,sell,10.7600,1300.00
20170817094240,buy,10.7000,8400.00
20170817094240,buy,10.7100,8300.00
20170817094305,sell,10.7000,7200.00
20170817094306,sell,10.7000,7200.00
20170817094358,sell,10.7200,1300.00
20170817094426,sell,10.7800,37600.00
20170817094632,sell,10.8000,1300.00
20170817094632,sell,10.7800,37600.00
20170817094656,sell,10.8500,38200.00
20170817095429,sell,10.7100,4900.00
20170817095636,sell,10.7000,1300.00
20170817095924,sell,10.7200,2000.00
20170817095931,sell,10.7300,2000.00
20170817100419,sell,10.6800,2100.00
20170817100610,sell,10.6800,3500.00
20170817100658,sell,10.6500,3600.00
20170817100702,sell,10.6500,3600.00
20170817100733,sell,10.8500,38200.00
20170817100733,sell,10.7300,2000.00
20170817100733,sell,10.6800,3500.00
20170817100817,sell,10.7100,29500.00
20170817101206,sell,10.6700,2100.00
20170817101438,sell,10.7100,29500.00
20170817101438,sell,10.6700,2100.00
20170817102339,sell,10.6500,2200.00
20170817102348,sell,10.6300,2200.00
20170817102400,sell,10.6200,5400.00
20170817103317,sell,10.6000,8600.00
20170817103334,sell,10.5800,8600.00
20170817104236,sell,10.6300,2200.00
20170817131029,sell,10.6500,1400.00
20170817131512,sell,10.6500,1400.00
20170817131512,sell,10.6500,1400.00
20170817131522,sell,10.6300,1400.00
20170817131902,sell,10.6000,12100.00
20170817132310,sell,10.6500,1400.00
20170817132310,sell,10.6500,1400.00
20170817132352,sell,10.6400,14900.00
20170817133242,sell,10.6400,14900.00
20170817134110,sell,10.6700,1500.00
20170817134328,sell,10.7000,7400.00
20170817134502,sell,10.6400,1500.00
20170817142628,buy,10.6200,600.00
20170817142650,buy,10.6500,600.00
20170817142716,buy,10.6600,600.00
20170817142747,buy,10.6600,1900.00
20170817142756,buy,10.6900,1900.00
20170817142804,buy,10.7000,1900.00
20170817142837,buy,10.7000,1400.00
20170817142917,buy,10.7000,2900.00
